2610 5258
192 918 235 961 aa
531 893 581 960 M.
604 891 644 958 Τ.
670 888 913 958 CICERONIS

192 1014 367 1087 trahimus
379 1012 424 1085 ad
435 1013 625 1085 utilitatem
642 1025 821 1099 nostram,
834 1008 1002 1083 vincendi
1018 1016 1256 1113 causatqnod

191 1130 348 1222 pertinet
368 1124 491 1196 adeas
508 1118 666 1211 causas³,
682 1121 729 1193 de
742 1119 878 1217 quibus
892 1120 1070 1216 judicium
1090 1119 1255 1197 futurum

189 1249 254 1307 cst.
273 1234 437 1306 Alterum
461 1256 577 1332 genus
594 1231 816 1303 narrationis
824 1228 915 1318 esti,
929 1230 1029 1327 quod
1048 1233 1256 1307 intercurrit

188 1368 467 1442 nonnumquam
491 1329 629 1431 fidei⁵,
654 1354 720 1413 aut
741 1341 1019 1428 criminationis,
1047 1356 1111 1412 aut
1138 1359 1254 1435 trane

188 1449 346 1540 itionis⁶,
374 1466 439 1526 aut
467 1451 619 1549 alicujus
647 1450 926 1550 apparationist,
953 1450 1011 1548 ,¹⁵⁸¹
1037 1450 1254 1527 laudationis

187 1588 302 1634 causa.
322 1564 484 1635 Tertium
504 1585 619 1658 genus
637 1575 693 1632 est
716 1559 772 1648 id,
796 1558 939 1657 quoda
959 1584 1067 1632 causa
1084 1563 1182 1652 cirili
1197 1586 1255 1636 ro-

187 1687 327 1744 motum
356 1686 410 1744 cst
436 1699 445 1741 ε
468 1673 507 1743 iu
532 1695 611 1769 quo
642 1684 764 1742 tamen
783 1671 945 1741 exerceri
970 1673 1160 1760 convenit,
1182 1696 1254 1773 quo

186 1781 412 1854 commodius
433 1783 510 1854 illas
527 1782 733 1880 superiores
755 1781 980 1852 narrationes
993 1783 1033 1851 in
1051 1787 1169 1855 causis
1186 1799 1254 1857 trr-

187 1906 283 1964 ctare
312 1894 501 1991 possimus.
535 1893 620 1989 Ejus
648 1891 861 1962 narrationis
892 1889 968 1962 duo
990 1907 1077 1964 sunt
1097 1917 1251 1991 generat

186 2027 323 2090 unum,
337 2002 439 2101 quod
456 2007 497 2074 in
512 2004 685 2100 negotiis3
704 2001 879 2087 alterum,
902 2001 1003 2098 quod
1026 2003 1066 2073 in
1089 2002 1253 2101 personis

187 2114 344 2210 positum
369 2104 458 2186 est⁸.
488 2113 546 2200 Id,
577 2111 679 2211 quod
706 2113 744 2182 in
773 2111 1003 2208 negotiorum
1030 2116 1254 2211 expositione

187 2225 346 2320 positum
367 2238 440 2311 est,
462 2237 535 2295 tres
552 2221 664 2294 habet
681 2235 801 2321 partes
808 2232 838 2309 9,
852 2218 1029 2311 fabulam,
1048 2222 1252 2310 historiam,

186 2347 452 2430 argumentum.
481 2330 615 2406 Fabula
645 2347 717 2417 est,
743 2355 825 2429 quae
846 2356 968 2429 neque
990 2356 1112 2419 veras,
1135 2358 1253 2433 neque

186 2443 393 2515 verisimiles
405 2446 570 2516 continet
582 2468 640 2514 res
652 2496 662 2531 ,
676 2457 719 2513 ut
732 2441 808 2535 ha,
827 2466 907 2540 quae
921 2466 942 2514 a
955 2442 1127 2540 tragoedis
1137 2452 1172 2490 ¹⁰
1187 2460 1254 2518 tra·

185 2553 268 2626 ditae
288 2569 385 2626 sunt.
400 2555 557 2627 Historia
575 2568 628 2626 est
645 2578 703 2626 res
718 2567 835 2651 gesta,
852 2551 914 2625 sed
930 2551 977 2624 ab
994 2554 1106 2639 aetatis
1124 2570 1254 2628 nostra

186 2720 243 2784 quie
255 2719 356 2769 alterum
370 2736 446 2786 genus
457 2721 511 2769 sine
521 2720 696 2782 conjunctione
776 2719 802 2766 6.
811 2721 864 2766 Aut
872 2717 1029 2767 transitionis.
1038 2719 1073 2768 Ut
1080 2719 1112 2768 ab
1122 2721 1169 2769 hac
1178 2737 1255 2770 narra-

188 2815 243 2847 cum
253 2801 332 2863 primo
340 2799 390 2847 lroc
398 2801 555 2864 proponitur.
564 2801 632 2865 Lips.
643 2799 695 2847 Erl.
741 2797 810 2846 tione
822 2797 950 2846 commode
960 2799 992 2846 ad
1003 2815 1053 2846 rem
1063 2799 1141 2865 ipsam
1152 2813 1255 2851 musea·

187 2887 212 2925 et
224 2877 266 2924 alii
278 2893 319 2943 ap.
330 2875 397 2925 Oud.
412 2878 483 2925 etiam
495 2877 585 2925 habent
600 2898 613 2918 ι
622 2875 697 2924 unum
741 2891 809 2934 mus,
824 2891 875 2938 quo
886 2875 990 2941 amplius
1001 2877 1065 2925 hanc
1078 2895 1254 2944 praeparemus,

187 2967 224 3004 est
232 2971 308 3019 quum
319 2949 618 3013 ·‚itemedd.01nnibon‡
629 2955 697 3004 Med.
741 2970 893 3019 apparemus.
905 2957 994 3004 Wrrr.

186 3033 697 3099 lunt.quodreoepi;ertonimsinedubio
777 3049 803 3100 7.
826 3036 881 3081 Aut
898 3033 1003 3100 alicujus
1026 3036 1202 3099 apparationis.
1223 3040 1257 3087 Ut

188 3114 273 3163 melius
286 3129 359 3179 quam
372 3113 442 3176 vulg.
458 3130 513 3178 quo.
527 3114 647 3162 Ennrsrr.
662 3141 697 3150 -
741 3112 860 3160 auditoris
878 3113 987 3161 animum
1009 3126 1122 3178 paratum
1140 3116 1257 3166 fruamus

187 3193 264 3242 Abest
279 3202 314 3240 est
325 3189 400 3257 apud.
413 3195 486 3241 Grut.
503 3193 546 3257 qui
563 3194 635 3241 etiarn
649 3210 698 3258 quo
741 3190 809 3238 adea
819 3208 874 3255 quae
882 3191 972 3241 dicturi
985 3209 1075 3241 snmus.

188 3288 234 3339 pro
244 3287 319 3337 quum
329 3270 414 3320 edidit.
779 3272 802 3319 8.
813 3273 1255 3340 Unum,quodinnegotirs,·a1term,

223 3353 248 3400 3.
272 3349 345 3415 Quod
357 3350 464 3414 pertinet
483 3351 518 3398 ad
539 3367 580 3398 eas
600 3368 697 3400 causas.
742 3351 840 3416 qnodr'n
848 3353 959 3415 personis
964 3353 1074 3418 positum
1083 3365 1128 3402 est.
1140 3358 1172 3403 In
1180 3372 1256 3421 nego·

187 3426 288 3481 Schiitr.
298 3451 311 3471 ι
319 3428 386 3491 quod
395 3444 470 3492 genus
480 3431 585 3494 pertinet
594 3447 616 3478 a.
625 3447 648 3479 e.
656 3445 706 3478 cm·
742 3431 783 3479 tiis
794 3432 917 3495 positum,
931 3432 999 3496 quod
1012 3432 1098 3496 gallice
1108 3433 1213 3484 dicimus
1224 3452 1255 3483 aa

187 3508 349 3560 ediditeMS
362 3508 430 3556 Cort.
444 3507 563 3572 probante
576 3509 696 3558 Ernestio.
742 3509 896 3568 evenerunt,-
919 3512 989 3574 quod
1014 3511 1040 3558 in
1060 3514 1189 3576 personis,
1211 3531 1257 3563 une

188 3593 217 3638 In
226 3587 323 3653 Gryph.
332 3590 363 3636 A.
372 3587 467 3651 inquit,
479 3586 568 3653 legitur
576 3612 588 3630 «ι
595 3590 698 3638 maxime
742 3588 871 3640 anecdota.

187 3667 292 3733 pertinet
299 3680 327 3728 »ς
339 3666 382 3714 sed
393 3665 438 3714 hac
451 3665 571 3715 limitandi
580 3667 699 3732 particula
778 3683 803 3730 9.
817 3671 911 3718 Partes.
925 3671 946 3717 1.
960 3685 983 3717 e.
996 3684 1100 3734 genera.

187 3747 289 3795 hicnon
300 3761 406 3809 egemus.
780 3762 821 3796 ro.
836 3749 867 3795 Ut
876 3746 927 3804 hoe,
944 3765 1000 3812 qnoe
1011 3766 1028 3796 a
1040 3748 1166 3814 tragaedis.
1182 3752 1257 3801 Uere

157 3870 173 3892 ,
223 3827 248 3885 d.
266 3825 376 3873 Altemm
391 3840 469 3890 genus
487 3824 635 3873 narrationis
651 3838 696 3876 est.
742 3825 801 3875 Ald.
822 3827 917 3874 Ernesti
936 3843 1012 3891 equae
1028 3828 1190 3892 trrgoediis·.
1211 3830 1257 3879 ltd.

189 3902 286 3954 Sohiitr.
296 3903 361 3953 delet
367 3904 524 3967 narrationis,
531 3917 630 3954 auctore
640 3907 696 3956 Em.
745 3913 810 3973 1474
824 3905 892 3957 Med.
909 3907 1003 3970 inquit,
1012 3923 1045 3953 «a
1056 3908 1201 3971 engonis».
1218 3910 1258 3959 Sic

190 3987 217 4024 ut
229 3974 387 4040 superfluum.
742 3996 765 4031 et
774 3984 820 4033 MS
829 3985 879 4034 Erl.
891 3995 915 4032 et
929 3987 1000 4035 Voss.
1012 4003 1052 4050 ap.
1065 3986 1132 4034 Oud.
1145 3989 1258 4038 omnus

225 4052 250 4105 ⁵·
280 4056 474 4119 ΝΜΜΜΜΜ
490 4055 573 4123 fidei,
600 4056 626 4102 fd
648 4069 696 4115 0⁸1,
742 4063 819 4112 edidit
831 4063 952 4129 trugoedr's.
964 4060 1038 4114 Be'ne.
1050 4068 1102 4129 Ego
1113 4078 1197 4116 tamen
1206 4085 1258 4117 ma·

190 4133 248 4182 fidei
259 4133 376 4182 facienda
390 4150 470 4182 caum.
490 4134 574 4182 Deleri
587 4147 698 4184 nutante
742 4142 777 4189 lui
802 4143 887 4206 requi,
909 4142 978 4206 quod
1000 4143 1026 4191 in
1050 4143 1165 4208 pluribus
1187 4159 1259 4198 uret.

180 4212 261 4281 fidei,
285 4215 343 4278 qnia
362 4215 387 4261 in
410 4214 482 4263 codd.
506 4215 612 4279 antiquis
631 4216 698 4286 apud
744 4251 779 4261 .-
803 4220 900 4270 schiitz.
919 4240 996 4287 «quae
1017 4224 1180 4288 tragoediis»,
1202 4245 1259 4278 eun

189 4293 269 4340 Groev.
284 4304 309 4341 et
322 4304 407 4342 nostro
422 4294 489 4357 Lipe.
505 4295 563 4341 item
576 4294 616 4342 ed.
629 4296 697 4345 Med.
742 4302 855 4350 Grutero.
884 4329 920 4338 -
940 4303 1074 4368 Trrgoediae
1097 4316 1180 4355 autem
1206 4325 1258 4357 non

189 4388 239 4419 non
251 4383 294 4419 est.
308 4373 419 4421 Graevius
431 4372 502 4421 etiarn
514 4373 616 4422 alterum
631 4375 697 4423 dele·
743 4381 883 4428 verisimiles
905 4399 917 4428 a
940 4393 1026 4430 nostro
1045 4382 1183 4448 dicuntur,
1201 4390 1259 4453 quir

189 4451 226 4499 vit
247 4468 260 4499 a
282 4451 340 4499 cod.
360 4454 415 4502 Put.
434 4452 502 4516 quod
521 4469 571 4501 non
593 4453 698 4502 imitatus
741 4459 870 4507 admittunt
892 4460 918 4507 id
934 4460 1003 4525 quod
1022 4461 1087 4509 Gelli
1106 4463 1260 4525 dicimus,le

189 4546 250 4577 sum.
265 4532 328 4579 Erit.
339 4558 372 4567 -
383 4534 433 4578 Ant
444 4533 529 4580 rnerito
542 4549 557 4581 a
571 4534 697 4582 Gronovio
741 4539 910 4597 rnerver'llenar
924 4552 946 4588 et
958 4557 1015 4588 saue
1023 4541 1090 4606 apud
1098 4544 1202 4593 Veteres
1210 4562 1260 4595 no·

188 4619 212 4656 ct
222 4609 332 4657 Ernestio
342 4609 472 4672 abjectum.
486 4612 541 4659 Sca.
741 4617 798 4666 dum
812 4618 899 4667 subulae
911 4636 974 4684 saepe
986 4621 1026 4668 Dii
1040 4620 1150 4672 solvunt.
