2610 5258
75 843 79 851 ·
185 832 249 877 vin
447 896 451 905 Ι
500 812 678 883 ALTERA
703 816 943 886 PRAEFATIO

184 956 325 1013 tantum
342 948 378 1014 in
397 944 620 1018 inveniendis
638 964 676 1020 et
690 948 901 1021 ordinandis
917 950 1103 1049 preceptis
1119 954 1260 1047 sequu-

185 1077 245 1135 tus
265 1079 338 1149 est,
362 1066 424 1138 sed
456 1070 563 1140 etiam
590 1069 814 1142 adverbum
842 1072 1035 1170 saepissime
1064 1076 1257 1171 expressit.

184 1187 336 1259 Credam
356 1195 566 1288 magistrum
585 1192 759 1293 aliquem,
775 1211 816 1267 ut
834 1196 1079 1286 Quintilianus
1099 1196 1259 1267 innuere
1288 1290 1291 1297 Ι

185 1310 327 1383 videtur
343 1315 428 1412 (111,
446 1315 487 1402 6,
509 1314 588 1415 57),
609 1320 675 1390 nisi
692 1322 888 1391 rectissime
909 1332 1055 1390 moneat
1076 1324 1106 1391 J.
1122 1322 1169 1390 V.
1192 1324 1258 1392 Le·

185 1433 292 1521 clerc,
313 1463 387 1510 non
407 1465 489 1511 eum
509 1440 691 1514 rhetorem
713 1466 807 1528 esse,
824 1442 888 1539 qui
911 1439 995 1513 libri
1018 1442 1124 1540 primi
1147 1442 1259 1513 initio

186 1559 387 1658 scripserit,
421 1586 460 1633 se
491 1565 644 1661 negotiis
678 1563 912 1636 familiaribus
946 1564 1164 1664 impeditum
1194 1566 1258 1635 vix

186 1682 271 1751 satis
299 1685 363 1755 otii
399 1685 519 1756 studio
547 1686 779 1785 suppeditare
816 1711 941 1785 posse,
982 1689 1019 1757 et
1060 1670 1260 1784 idipsum

187 1805 286 1900 quod
306 1805 438 1879 habeat
459 1811 523 1880 otii
543 1808 715 1881 libentius
732 1812 768 1880 in
791 1808 1023 1908 philosophia
1042 1831 1260 1880 consumere

188 1927 345 2001 solitum.
361 1936 405 2002 Et
419 1932 546 2003 eodem
562 1936 678 2030 capite
694 1958 838 2004 rursus:
856 1935 1069 2003 «nonenim
1083 1954 1147 2028 spe
1164 1955 1262 2027 quar·

188 2063 280 2139 stus,
300 2069 362 2126 aut
383 2056 495 2152 gloria
521 2059 714 2144 commoti,
740 2057 903 2126 venimus
921 2054 965 2125 ad
985 2053 1218 2125 scribendum
1232 2082 1258 2123 ι.

188 2178 310 2247 Restat
339 2180 466 2274 igitur,
492 2195 532 2251 ut
552 2181 723 2275 juvenem
749 2179 924 2276 aliquem,
949 2176 1123 2275 aequalem
1146 2200 1257 2248 suum

190 2297 290 2393 (nam
299 2302 476 2397 permulta
490 2317 574 2373 sunt
588 2327 668 2400 quae
677 2303 847 2396 juvenem
863 2302 901 2371 in
913 2299 985 2369 hoc
999 2297 1092 2370 libro
1105 2298 1262 2369 omnino

190 2421 391 2519 redolent),
414 2426 551 2497 Tullius
576 2430 613 2496 iu
635 2427 835 2497 Rhetoricis
858 2438 1035 2521 sequutus
1055 2423 1120 2508 sit,
1139 2421 1198 2491 vir
1214 2420 1262 2493 de

191 2569 259 2616 suo
280 2561 352 2618 tam
376 2548 616 2647 dives,quem
638 2565 674 2621 et
698 2549 771 2644 jam
802 2573 956 2646 puerum
982 2550 1077 2618 inter
1105 2544 1265 2644 aequales

191 2667 282 2740 adeo
313 2674 506 2744 eminuisse
537 2673 683 2744 tradidit
711 2670 945 2758 Plutarchus;
966 2670 1068 2768 quod
1095 2687 1137 2741 ut
1160 2670 1265 2768 equi-

193 2790 275 2862 dem
297 2794 457 2883 credam,
479 2796 576 2866 haud
607 2795 709 2866 facile
736 2794 910 2882 adducam
938 2811 974 2866 et
999 2820 1039 2866 ca
1062 2820 1118 2865 res
1135 2794 1267 2866 Schiit·

194 2916 289 2985 zium
315 2919 447 3001 movit,
477 2935 515 2988 ut
542 2916 778 2990 Cornificium
800 2918 978 3013 rejiceret,
1008 2944 1083 2989 non
1105 2917 1267 2991 admisso

68 3134 73 3149 Ι
193 3052 314 3110 tamen
336 3045 519 3113 Cicerone.

243 3166 325 3234 Duo
349 3170 445 3235 enim
474 3182 559 3237 sunt
582 3182 792 3263 argumenta
815 3190 893 3262 quae
912 3166 996 3235 huic
1018 3165 1166 3237 obstent
1183 3170 1267 3264 opi·

193 3287 307 3356 nioni.
328 3292 370 3357 Et
393 3290 510 3384 primo
532 3288 661 3359 Fabius
683 3314 810 3359 omnes
830 3291 1014 3360 Ciceronis
1032 3288 1087 3359 vel
1107 3288 1269 3360 rhetori·

197 3435 275 3496 cos,
293 3411 348 3481 vel
368 3414 542 3483 oratorios
564 3411 692 3499 libros,
713 3412 768 3481 his
792 3424 932 3481 tantum
955 3414 1126 3509 exceptis,
1149 3414 1270 3484 advo-

194 3534 296 3604 cavit.
316 3535 488 3631 Exempla
507 3547 647 3605 tantum
668 3536 804 3630 quaein
827 3536 878 3603 eis
896 3551 1112 3618 occurrunt,
1125 3535 1272 3632 publici

199 3654 347 3727 fortasse
365 3660 454 3753 juris
475 3655 585 3743 lacta,
605 3654 734 3744 habet,
754 3659 825 3741 IX,
846 3678 922 3752 cap.
945 3655 986 3744 3,
1011 3655 1067 3743 31,
1083 3680 1112 3726 c.
1132 3656 1173 3741 6,
1199 3684 1272 3754 70,

197 3805 256 3875 9¹·
291 3779 359 3850 Sed
400 3779 551 3875 intelligi
588 3794 708 3877 potest
744 3802 827 3848 eum
863 3801 883 3846 e
920 3776 1065 3849 duobus
1100 3780 1270 3874 ejusdem

196 3907 316 3999 operis
344 3901 584 3984 editionibus,
617 3917 680 3972 aut
707 3901 944 3998 posteriorem
973 3900 1272 4001 amplioremque

195 4042 337 4098 tantum
361 4030 519 4105 novisse,
545 4039 607 4094 aut
632 4029 788 4122 priorem
815 4023 881 4094 etsi
907 4038 1030 4093 notam
1051 4024 1269 4120 neglexisse.

195 4150 287 4241 (Vin.
304 4150 455 4240 Quintil.
474 4147 519 4218 tle
538 4147 643 4218 [thet.
663 4148 736 4217 Cic.
755 4151 807 4234 ΙΙ,
820 4171 896 4244 cap.
913 4151 972 4232 ι4,
994 4152 1035 4233 4,
1053 4171 1127 4245 cap.
1144 4148 1207 4233 15,
1224 4150 1271 4235 63

192 4280 263 4361 ΙΙΙ,
280 4300 353 4373 cap.
372 4300 402 4359 1,
418 4300 482 4360 ao,
502 4297 578 4370 cap.
597 4271 630 4359 5,
651 4276 707 4358 ι4,
725 4295 801 4368 cap.
817 4268 934 4358 6,,15,
948 4273 1015 4367 49,
1029 4268 1087 4365 57,
1105 4269 1164 4357 63,
1179 4276 1270 4369 etc.)

194 4399 334 4470 Deinde
358 4398 469 4469 multu
493 4426 513 4468 a
535 4396 758 4487 Quintiliano
787 4421 830 4465 ex
853 4393 1047 4467 Cornificio
1066 4396 1206 4493 prolata
1228 4406 1269 4473 in

197 4523 295 4595 libris
323 4523 365 4594 atl
393 4523 614 4593 Herennium
642 4535 859 4604 occurrunt,
879 4544 912 4588 v.
929 4545 959 4589 c.
976 4523 1018 4603 V,
1041 4545 1118 4619 cap.
1136 4548 1198 4607 ιο,
1223 4524 1270 4611 3;
