2610 5258
129 869 175 940 26
469 870 519 938 M.
540 871 580 938 T.
609 870 855 940 CICERONIS

128 991 217 1090 quid
232 990 416 1088 ambigue,
436 1013 484 1061 ne
502 989 593 1088 quid
608 980 745 1062 nove¹⁵
764 988 943 1077 dicamus,
959 1013 1006 1062 ne
1025 1014 1065 1089 qr

127 1102 232 1173 aliam
259 1125 336 1173 rem
357 1114 598 1188 transeamus,
619 1124 666 1173 ne
687 1100 733 1172 ab
756 1100 885 1172 ultimo
903 1115 1065 1199 repetam

128 1211 234 1309 longe
249 1233 520 1309 persequamur,
533 1236 580 1282 ne
596 1211 706 1309 quid,
726 1210 826 1308 quod
844 1208 980 1283 adrem
996 1236 1066 1310 per

126 1336 396 1420 praetereamus3
418 1334 455 1392 et
482 1323 512 1391 si
530 1344 727 1418 sequemur
747 1344 809 1406 ea,
835 1346 918 1419 quae
942 1321 989 1394 de
1016 1321 1066 1394 br

126 1444 304 1528 praecepta
320 1445 425 1516 sunt3
452 1454 534 1502 nam
559 1454 635 1527 quo
659 1427 861 1526 breuior¹⁶‚
878 1456 922 1506 eo
941 1431 1066 1505 diioui

126 1543 274 1637 cognitu
291 1538 603 1613 duitor-narratio
620 1538 694 1613 fiet.
709 1541 921 1616 verisimilis
933 1547 1067 1617 narrati

127 1653 178 1739 si,
201 1666 242 1723 ut
263 1674 363 1740 mos,
387 1666 429 1722 ut
444 1653 593 1750 opinio,
612 1665 655 1723 ut
675 1665 804 1723 natura
822 1651 997 1750 postulat,
1014 1652 1066 1724 di<

125 1763 155 1832 si
174 1763 286 1860 spatia
304 1776 531 1860 temporum,
552 1782 790 1862 personarum
809 1760 1055 1860 dignitates¹7‚

124 1871 256 1942 liorum
269 1871 609 1959 rationes‚locorum
619 1874 914 1969 opportunitates
924 1870 1066 1942 constak

126 2005 173 2052 ne
197 1979 314 2053 refelli
342 1983 506 2080 possit¹⁹‚
525 1996 587 2053 aut
612 1984 788 2080 temporis
812 2004 941 2081 parum
973 1982 1066 2054 fuiss«

126 2114 270 2162 causam
290 2088 449 2179 nuliam,
470 2104 533 2162 aut
550 2090 674 2162 locum
693 2088 866 2163 idoneum
886 2116 962 2163 non
984 2090 1066 2164 fuiss

124 2201 289 2272 homines
305 2201 403 2298 ipsos
421 2199 560 2289 fucere,
584 2215 648 2272 aut
665 2205 739 2299 pati
765 2226 841 2272 uon
863 2204 1036 2299 potuisse.
1054 2207 1066 2274 i

124 2333 183 2381 res
209 2310 297 2394 erit,
316 2308 563 2403 {nihilominus
591 2309 668 2384 haec
689 2316 811 2381 omnia
837 2310 1019 2382 narrando
1044 2336 1066 2384 o

125 2418 241 2492 vanda
258 2433 367 2492 sunt:
386 2444 468 2492 nam
486 2434 580 2519 saepe
595 2422 745 2505 veritas,
760 2423 827 2492 nisi
845 2421 921 2494 haec
939 2437 1066 2506 servata

122 2529 232 2602 fidem
262 2529 380 2602 facere
408 2555 484 2601 non
511 2545 652 2628 potest:
672 2532 727 2601 sin
752 2535 821 2602 erit
849 2532 984 2616 ficta²⁰‚
1008 2559 1053 2605 eo

122 2655 232 2712 erunt
240 2640 592 2715 conservanda²¹.De
599 2642 641 2713 iis
654 2639 761 2713 rebus
773 2641 1066 2742 caute¹²conssige

124 2871 244 2909 contortae
255 2871 279 2908 et
290 2859 427 2908 difficiles».
437 2861 491 2911 Cio.
506 2860 537 2907 de
548 2862 592 2910 Or.
606 2860 629 2919 t,
676 2871 733 2923 post
746 2875 752 2909 :
771 2883 784 2903 ι
794 2861 905 2911 homiues
916 2862 963 2927 ipsi
975 2864 1066 2923 faeere,

125 2941 166 2988 58.
185 2938 250 2987 Vide
265 2940 365 3003 insuper
377 2955 432 3003 quur
447 2939 530 3003 peullo
549 2937 632 2988 infru:
676 2949 809 3002 potuerunt
823 2960 844 2988 ι.
857 2943 976 2990 weram.

123 3039 135 3060 ι
146 3034 197 3082 quo
208 3017 321 3077 brevior,
336 3034 366 3068 eo
381 3019 513 3068 dilucidior
528 3019 632 3067 namatio
715 3019 756 3067 18.
772 3019 927 3069 Constatura.
946 3022 1005 3070 Nou
1021 3036 1066 3086 rep¹

125 3097 207 3146 erit».
248 3104 251 3110 ’
677 3097 734 3147 sibi.
749 3101 869 3147 eru.

162 3178 201 3225 15.
217 3178 253 3225 Ne
264 3177 326 3240 quid
332 3193 401 3225 nove.
409 3179 469 3226 Haee
479 3177 539 3226 mihi
549 3191 633 3241 suspe-
716 3193 756 3240 ¹9·
774 3180 813 3226 Ne
829 3177 908 3243 refelli
920 3178 1005 3244 possit.
1025 3182 1065 3243 Ap

90 3312 93 3317 ,
122 3267 174 3314 otu,
187 3258 245 3319 quia
256 3258 412 3307 commodum
423 3257 463 3305 hio
473 3272 568 3305 sensum
582 3272 632 3304 non
676 3256 733 3305 loco
747 3259 862 3316 verbum
877 3259 960 3322 itaque
973 3274 1066 3305 soumer

122 3335 226 3392 hebent,
244 3336 280 3383 uti
299 3337 365 3385 Oud.
382 3340 411 3384 ln
428 3337 467 3384 ed.
490 3342 555 3396 1474
575 3345 633 3383 sunt
677 3334 735 3383 dum
748 3338 937 3396 conjectantium
951 3335 1038 3401 referri
1046 3371 1054 3397 ‚

122 3411 356 3463 elieuolouoante·
369 3414 472 3478 nequid
485 3425 631 3471 cuntur-tea,
675 3413 702 3461 id
728 3416 800 3462 etium
824 3416 973 3463 inserendum
997 3417 1024 3462 in
1046 3433 1066 3463 o

122 3494 149 3541 iu
162 3494 207 3540 MS
220 3495 310 3559 puriter
322 3510 373 3542 uun
389 3493 476 3542 eodem
488 3493 553 3542 loro.
568 3496 632 3542 Eu.
677 3510 732 3542 eum
747 3495 830 3543 Lamb.
848 3506 997 3560 repugnante
1020 3512 1066 3544 omi

122 3573 236 3620 -Nove
244 3573 296 3621 sine
304 3589 375 3621 ceusu
385 3584 525 3636 suspectum
538 3584 575 3622 est
587 3575 632 3621 Er·
676 3572 757 3621 leeriie
786 3574 902 3621 librorum
930 3584 1066 3622 nostrorum

122 3653 210 3701 uestio.
227 3652 291 3700 Nam
308 3662 332 3700 et
346 3653 451 3715 Quintil.
465 3653 511 3713 IV,
530 3669 561 3709 a,
583 3653 632 3712 3⁶,
676 3664 837 3702 exaratorum.
847 3655 964 3701 Gaurus.
975 3679 1011 3690 ·-·
1020 3653 1066 3702 Soir

123 3731 220 3779 damnet
229 3732 257 3779 iu
265 3731 446 3780 narrationibus
455 3732 572 3781 voeabula
582 3732 632 3780 «rh
677 3728 760 3779 referri
775 3732 853 3796 possit
862 3753 882 3778 a.
899 3734 935 3779 itu
952 3732 1066 3779 scribeud

121 3827 167 3858 usu
180 3821 272 3859 remota
284 3833 312 3869 ι,
326 3813 344 3859 i.
360 3827 383 3858 e.
398 3828 471 3860 nova.
486 3812 544 3860 Seu.
676 3810 772 3873 iuquit,
789 3812 839 3871 jum
859 3809 943 3858 Lamb.
958 3811 1065 3857 monuit.

73 3880 87 3896 ⁹
160 3890 632 3953 16.Namquobreviur.1id.147tsd·
676 3888 1066 3952 quodiegituriuomnibus‚ulir

118 3966 174 4027 jiuit
186 3979 236 4025 ατς
249 3967 316 4032 quod
328 3968 427 4015 minime
441 3968 546 4033 probare
558 3968 632 4017 debe·
676 3983 721 4015 uec
730 3969 765 4015 sic
774 3965 884 4015 absolute
893 3968 1002 4029 ponitur.

121 4048 163 4095 bat
187 4051 288 4097 Eruesfi.
310 4049 373 4096 Num
399 4051 540 4098 consecutio
564 4050 631 4098 verbi
712 4044 1066 4113 uo.Sirreritficta.Sehiitr.·=

114 4125 163 4192 fiet
175 4126 201 4174 id
215 4143 267 4175 nou
284 4127 384 4191 potitur.
403 4131 492 4176 Sensus
509 4130 572 4176 enim
591 4129 631 4176 hic
675 4128 715 4175 sic
726 4128 876 4190 scripsimus,
886 4126 981 4189 inquit,
993 4125 1061 4175 Oud.

121 4217 176 4255 ert:
198 4230 210 4248 a
221 4222 271 4271 quo
288 4207 387 4256 brevior
400 4206 442 4256 fiet
456 4209 579 4267 namatio,
601 4225 630 4258 eo
674 4206 716 4268 qui
734 4206 760 4253 id
776 4208 802 4253 in
821 4207 877 4254 rod.
889 4207 939 4254 Erf.
960 4206 1065 4254 invenit.

123 4285 245 4333 dilucidor
258 4285 300 4334 fiet
310 4310 331 4336 u.
345 4290 402 4336 Scir.
674 4297 745 4333 erum
756 4285 811 4333 fictu
821 4308 849 4341 n,
860 4285 899 4333 ed.
915 4287 990 4345 1476.

159 4379 200 4424 17.
215 4367 374 4412 Personarum
391 4364 530 4430 dignitates.
548 4367 582 4414 Ut
595 4367 629 4415 itu
710 4381 751 4412 21.
765 4365 1029 4413 Eruntconservaudu.
1040 4368 1066 4413 St

122 4459 241 4506 quicunque
250 4444 324 4506 egisse
337 4461 476 4503 narremus,
488 4457 562 4509 prout
576 4448 631 4509 ipso
676 4445 804 4493 remanda.
812 4445 865 4504 Sic,
875 4445 966 4506 inquit,
977 4444 1034 4491 uod.
1048 4448 1066 4491 A

123 4523 225 4584 dignum
248 4523 337 4579 fuerit,
361 4525 392 4572 ab
417 4525 471 4589 ipso
495 4527 630 4589 exspectari
675 4524 795 4572 varianda·
804 4525 923 4571 orationis
933 4541 1003 4570 causa
1014 4540 1066 4587 prae

120 4602 246 4664 potuerim
274 4598 409 4666 explicatur
434 4614 515 4652 sutem
545 4605 629 4668 paullo
710 4603 1066 4670 22.Cauteconjligeudumes
