2610 5258
690 400 696 415 l

33 427 84 449 Ἢ
88 430 1118 458 ΜΜΜἪΜΜΜΜῊΜἉΩ

100 640 285 742 NOVl
321 638 654 747 EDlTORlS
688 642 1072 757 PRAEFATIO.

394 883 787 918 ἥσσων-ψ·

45 1041 274 1160 Lucaoasu
293 1086 484 1160 admonuit
500 1088 695 1160 voluminis
714 1092 817 1164 istius
836 1101 1075 1197 praescriptio,
1088 1104 1127 1173 in

46 1210 120 1282 hac
139 1211 301 1283 editione
322 1236 437 1309 pauca
456 1210 653 1282 admodum
669 1228 792 1285 nostra
808 1239 893 1287 esse.
913 1218 1056 1293 Scilicet
1074 1238 1129 1294 tot

49 1349 240 1405 tantorum
260 1336 421 1404 virorum
442 1330 629 1405 laboribus
648 1331 783 1432 aliquid
808 1334 941 1408 addere
959 1341 1051 1414 velle
1070 1368 1131 1415 su·

49 1456 190 1554 perbiae
212 1454 363 1528 sortasse
382 1459 511 1554 magis,
527 1479 637 1553 quam
658 1453 849 1553 diligentiae
867 1457 974 1531 nobis
992 1458 1127 1535 suisset.

50 1586 214 1653 Omnem
237 1582 347 1678 igitur
368 1605 515 1679 operam
535 1581 574 1650 in
592 1578 754 1677 legendis
771 1572 995 1679 optimorum
1015 1584 1131 1657 edito·

50 1730 138 1775 rum
159 1705 258 1777 notis
277 1705 591 1800 consumpsimus,
611 1704 677 1773 rati
698 1705 748 1772 sic
768 1718 935 1774 nostrum
955 1729 1049 1804 opus
1071 1732 1134 1807 pa·

51 1852 140 1897 rum
165 1824 314 1924 quidem
339 1822 473 1912 laudis,
495 1814 578 1921 plus
601 1838 697 1894 certe
722 1824 885 1896 utilitatis
911 1826 1134 1901 habiturum.

50 1954 230 2028 Textum,
246 1947 413 2047 perlectis
427 1961 511 2018 ante
528 1962 565 2018 et
579 1947 716 2018 collatis
733 1948 879 2045 optimis
895 1948 1136 2038 editionibus,

53 2073 245 2158 dedimus,
267 2072 412 2170 qualem
435 2070 664 2141 doctissimus
692 2073 746 2140 vir
774 2075 801 2139 J.
818 2074 861 2141 V.
888 2072 1028 2143 Leclerc
1058 2074 1133 2145 edi-

53 2198 124 2285 dit,
139 2212 221 2267 tum
235 2198 302 2267 viri
314 2196 464 2267 nomine
477 2197 586 2283 moti,
603 2208 678 2265 tum
698 2197 783 2291 quia
799 2217 927 2291 parum
946 2194 1031 2268 dare
1046 2222 1135 2269 con·

53 2320 226 2414 jecturis,
248 2334 284 2389 et
303 2317 489 2389 codicibus
514 2320 581 2389 niti
602 2315 803 2404 videbatur,
820 2316 956 2414 quibus
980 2322 1139 2409 omissis,

58 2442 209 2539 ingenia
229 2441 376 2539 quidem
398 2441 589 2513 doctorum
614 2464 651 2510 se
678 2436 866 2537 proferant
887 2440 1051 2529 liberius;
1074 2444 1138 2515 sed

59 2569 109 2636 ita
124 2580 168 2635 ut
182 2566 285 2636 variae
303 2564 497 2653 editiones,
516 2562 804 2635 correctionibus
818 2561 1047 2653 deformatae,
1065 2592 1141 2639 non

61 2687 231 2759 eamdem
244 2688 401 2759 auctoris
415 2690 624 2784 imaginem,
638 2709 764 2755 verum
785 2710 976 2782 germanos
997 2702 1139 2760 tantum

61 2812 190 2882 vultus
212 2825 248 2880 et
268 2810 440 2908 gentilem
463 2810 620 2906 aliquam
642 2807 917 2879 similitudinem
937 2809 1140 2906 praebiturae

64 2937 150 3004 sint.
178 2932 354 3030 Exemplo
377 2934 422 3003 sit
449 2932 509 3003 illa
533 2931 693 3005 Schiitzii
715 2933 753 3001 in
779 2932 1027 3029 permutandis
1053 2936 1154 3017 locis

10 3132 12 3137 ,
68 3054 280 3139 immodica,
298 3070 354 3139 et,
369 3068 412 3126 ut
427 3056 569 3151 opinor,
588 3078 681 3151 saepe
698 3051 823 3123 inlelix
839 3052 997 3124 libertas.
1038 3022 1121 3151 J‘l

119 3180 354 3249 Partitionem
379 3179 537 3276 capitum
565 3177 837 3263 Schtitzianam,
862 3200 944 3272 quae
974 3179 1142 3275 inaequali

70 3300 222 3397 quidem
255 3322 425 3370 mensura
456 3297 685 3385 claudicans,
710 3299 843 3369 rectior
875 3313 995 3372 tamen
1028 3316 1064 3371 et
1097 3327 1142 3373 ex

73 3428 150 3521 ipsa
168 3447 291 3494 rerum
312 3436 439 3492 natura
457 3420 637 3520 descripta
655 3418 863 3503 videbatur,
889 3420 1045 3491 retinere
1067 3424 1141 3518 pri-

74 3569 176 3615 mum
193 3547 231 3614 in
249 3546 372 3615 animo
393 3542 476 3632 luit,
496 3543 559 3616 sed
578 3545 664 3642 quia
685 3545 722 3612 in
741 3539 859 3613 indice
879 3543 1141 3639 comparando,

75 3669 231 3740 multum
261 3666 394 3737 laboris
417 3692 512 3738 nova
539 3666 599 3738 illa
626 3664 753 3736 divisio
782 3662 977 3746 attulisset,
1005 3680 1144 3736 servata

75 3805 216 3875 vetere,
238 3811 317 3858 eam
336 3811 417 3883 quae
436 3788 565 3859 melior
588 3787 779 3859 videbatur
805 3786 1075 3883 adscripsimus,
1099 3788 1145 3859 ad

74 3937 185 4011 quam
200 3935 238 3982 se
251 3907 416 3979 referunt
430 3925 651 4007 argumenta,
665 3934 710 3980 ex
723 3906 884 4003 ejusdem
901 3904 1058 3976 Schiitzii
1072 3906 1146 3978 edi-

75 4036 176 4106 tione
198 4032 402 4126 desumpta.

176 4163 205 4228 Ι.
235 4170 285 4219 Cic.
296 4169 451 4237 pmaprrho.
979 4178 1004 4219 a
