2610 5258
217 852 259 922 ιε
555 849 607 918 ss.
631 850 671 918 r.
697 831 942 921 mcuuoms

207 994 351 1045 censam
377 969 574 1057 hebemus,
606 968 679 1041 hoc
697 983 770 1057 est,
792 993 909 1067 quum
929 971 1007 1067 ipss
1026 992 1086 1040 res
1110 969 1285 1039 animum

97 1093 104 1108 '
208 1084 383 1160 auditoris
399 1110 418 1157 a
438 1082 545 1154 nobis
561 1082 710 1170 alienat,
727 1096 791 1154 eut
809 1106 924 1181 quum
940 1083 1083 1154 unimus
1101 1080 1286 1153 auditoris

207 1220 400 1298 persuasus
421 1192 567 1266 videtur
584 1217 664 1265 esse
678 1191 728 1264 ab
742 1189 822 1278 iis3,
841 1193 908 1290 qni
927 1206 1012 1264 ante
1033 1206 1164 1265 contre
1180 1187 1291 1263 dise·

156 1398 160 1403 ,
177 1312 329 1395 :rnnt⁴;
347 1321 410 1378 aut
425 1327 542 1403 quum
559 1301 721 1375 defessus
738 1317 794 1375 est
810 1326 875 1376 eos
892 1301 1097 1392 audiendo,
1110 1302 1178 1400 qni
1192 1315 1293 1374 ante

205 1418 386 1490 dixerunt.
419 1417 455 1486 Si
483 1437 590 1487 causo
615 1413 877 1512 turpitudinem
907 1412 1081 1501 habebit,
1117 1409 1299 1485 exordiri

205 1530 405 1627 poterimus
425 1526 482 1597 his
509 1523 737 1596 rationibusz
763 1550 866 1613 rem,
887 1548 962 1596 non
980 1523 1198 1609 hominem,
1217 1536 1300 1595 eutr

207 1639 412 1724 hominem,
436 1659 513 1707 nou
530 1658 609 1706 rem
626 1639 781 1733 spectari
801 1631 997 1734 oportere⁵
1008 1660 1017 1703 ε
1038 1657 1114 1705 nnn
1133 1631 1299 1731 placeres

205 1746 430 1845 nobisipsis,
445 1769 526 1842 quae
544 1741 636 1815 lacta
648 1743 818 1816 dicautur
831 1743 878 1816 nb
900 1743 1131 1831 adversariis,
1143 1752 1181 1813 et
1201 1765 1298 1816 esse

208 1856 357 1954 indigna
378 1870 440 1927 aut
470 1852 617 1926 nefaria.
640 1854 781 1927 Deinde
806 1878 923 1952 quum
944 1853 1009 1926 din
1032 1872 1111 1924 rem
1131 1854 1297 1926 sueri·-

208 1991 291 2039 mus
305 2021 315 2054 ,
330 1966 424 2037 nihil
442 1965 558 2037 simile
581 1962 731 2036 anobis
751 1961 914 2037 factum⁶
940 1962 1199 2052 ostendemus3
1219 1978 1293 2037 aut

206 2075 412 2173 aliquorum
430 2074 608 2169 judicium
623 2072 670 2145 de
686 2074 795 2146 simili
812 2098 940 2163 cause,
958 2089 1022 2146 sut
1038 2071 1084 2145 de
1102 2073 1258 2145 oedem?
1275 2126 1287 2162 ,

207 2201 269 2257 aut
285 2185 330 2256 de
346 2188 506 2269 minore,
521 2198 584 2255 ant
605 2182 650 2255 de
666 2183 804 2279 majore
820 2183 1058 2282 proferemus.
1072 2181 1221 2256 Deinde
1233 2183 1283 2256 ad

150 2357 168 2368 κ
207 2308 367 2366 nostram
386 2317 529 2364 carrsum
547 2293 772 2391 pedetentim
793 2293 1022 2382 accedemus,
1048 2308 1086 2367 et
1102 2294 1276 2366 'similitu-

206 2404 328 2476 dinem
348 2401 587 2494 conferemus.
611 2410 704 2476 Item
723 2405 753 2475 si
773 2397 1029 2502 negabimus8,
1053 2426 1122 2476 nos
1140 2402 1189 2476 de
1213 2401 1274 2475 ad·

204 2517 384 2601 versariis,
393 2528 457 2585 sut
474 2513 520 2585 de
535 2512 656 2612 aliqua
671 2539 712 2587 re
732 2513 937 2604 dictumst,
951 2528 1119 2586 ettamen
1132 2513 1272 2587 occulte

204 2760 373 2827 ..Principio
387 2761 422 2808 uti
434 2777 458 2807 rr.
471 2776 496 2823 p.
511 2758 540 2807 ld
553 2772 605 2819 est,
618 2760 713 2810 exordii
757 2771 877 2824 oportere.
897 2760 994 2809 indicet
1017 2760 1165 2810 Gulielmius
1186 2771 1270 2810 restire

204 2857 291 2908 genere
307 2855 353 2898 eo,
369 2838 439 2902 quod
453 2839 599 2902 prooemium
615 2839 715 2904 dicitur,
757 2841 785 2889 iu
801 2839 877 2887 Brnil.
895 2850 1051 2904 exspectare,
1075 2840 1145 2905 qnod
1166 2849 1193 2890 et
1215 2841 1271 2889 nui

203 2939 227 2972 c.
243 2929 270 2978 t.
288 2917 336 2967 Sed
349 2917 618 2982 insinuationemodo,
632 2913 713 2988 lps'dp
758 2931 881 2984 repertum
907 2922 933 2968 in
956 2920 1008 2969 Pel.
1033 2937 1071 2985 pr.
1095 2937 1145 2971 seo.
1164 2931 1271 2985 quarto,

204 3019 228 3050 v.
237 2999 292 3048 init.
302 3014 358 3057 Μ.
758 3008 842 3056 sexto,
853 3009 878 3046 et
887 2999 923 3046 sie
932 3013 997 3062 sepe
1007 3014 1149 3064 expressum
1161 2999 1191 3046 in
1203 2997 1271 3047 bonis

219 3110 226 3121 .
239 3081 265 3129 3.
283 3075 387 3133 Videtur
397 3091 449 3124 esse
459 3076 492 3123 ab
505 3075 542 3125 iis.
555 3098 569 3118 ι
577 3077 634 3125 lisso
647 3076 714 3125 vide·
757 3077 916 3137 unctoribus,
929 3077 1018 3141 dequo
1028 3092 1075 3125 nos
1087 3078 1184 3142 integro
1194 3077 1271 3143 espits

207 3170 269 3208 tm·-
280 3155 339 3205 Ald.
350 3154 450 3215 Ailsis,
462 3154 502 3203 ed.
515 3154 593 3215 1476.
762 3155 865 3204 inlibris
874 3157 1050 3221 suspicionum.
1064 3159 1151 3207 Gsur.

245 3246 269 3295 4.
286 3233 334 3298 Qui
346 3245 405 3281 ante
418 3244 505 3281 eontra
519 3233 645 3282 dismas.
658 3234 717 3285 Seb.
798 3236 823 3283 6.
843 3239 868 3283 A
885 3236 956 3284 nobis
965 3233 1064 3300 sactsm
1081 3252 1106 3284 o.
1119 3257 1132 3277 ι
1144 3239 1246 3284 Festum
1257 3253 1272 3284 s

207 3316 350 3370 deletorsu,
362 3323 391 3361 nt
402 3313 556 3378 otiosumet
568 3314 624 3376 quis
633 3313 718 3362 melius
761 3313 834 3361 nobis
846 3337 859 3357 ι
870 3315 928 3363 eod.
942 3318 1007 3380 Aug.
1024 3319 1146 3363 ·Fsotuns
1161 3330 1215 3363 esse
1226 3330 1273 3366 o.-

206 3403 368 3462 0pponnntnr
378 3414 390 3435 ι
400 3393 444 3456 qni
452 3404 538 3441 eontra
549 3392 663 3442 dixerunt
671 3395 717 3454 iis,
761 3391 803 3441 od.
816 3393 891 3455 1476.

206 3476 249 3542 qui
260 3483 316 3522 ente
327 3471 441 3519 dixerunt
454 3493 475 3520 ».
488 3472 540 3520 Illis
551 3482 635 3536 potest
639 3473 719 3534 judex
797 3489 821 3533 7.
832 3475 886 3520 Aut
895 3473 927 3521 ds
935 3472 1030 3521 eadem.
1042 3473 1125 3521 Burni.
1135 3484 1194 3537 poet
1203 3473 1272 3522 Gru·

128 3557 133 3564 '
169 3552 172 3557 ’
206 3566 351 3620 persuasus,
364 3549 402 3598 bis
412 3551 521 3599 defessus
534 3566 596 3601 esse.
760 3551 827 3599 vium
836 3551 956 3616 legit-do
964 3551 1047 3601 melem
1056 3568 1083 3601 re
1092 3574 1114 3602 ν.
1122 3551 1194 3600 Nihil
1203 3567 1273 3618 opus.

242 3632 266 3680 5.
282 3632 355 3690 Item,
371 3645 419 3677 nors
435 3628 572 3687 bemineru,-
586 3629 717 3679 arthemi·
761 3629 799 3678 Ci'.
814 3632 868 3681 cic.
880 3632 911 3681 de
922 3635 978 3682 lnv.
989 3634 1018 3693 1,
1036 3647 1075 3693 17.
1089 3634 1147 3682 Sos.

205 3727 276 3769 nem,
292 3725 341 3758 nors
353 3726 403 3757 rem
416 3709 522 3773 spectari
533 3721 654 3774 oportere.
670 3712 715 3760 Ed.
797 3709 821 3756 8·
834 3712 894 3758 Item
906 3709 928 3758 si
935 3710 1082 3776 negabimus.
1095 3708 1196 3761 Sotiis.
1208 3709 1274 3760 delet

205 3791 274 3840 Med.
294 3799 319 3836 et
336 3787 376 3836 ed.
397 3789 477 3849 1476,
499 3789 644 3838 «bominem
664 3806 716 3838 non
760 3787 789 3835 si·
815 3791 962 3854 Propterea,
984 3789 1053 3853 quod
1075 3791 1273 3840 sntooedentittn

205 3887 273 3930 rem,
288 3883 339 3916 rem
353 3883 403 3914 nou
420 3866 544 3914 bominem
557 3885 577 3918 s.
595 3884 619 3917 o.
630 3890 657 3928 n,
670 3869 718 3918 nisi
761 3867 923 3917 membrorum
941 3869 1119 3918 constructioni
1138 3884 1194 3918 non
1212 3885 1273 3919 eon·

204 3947 275 4015 quod
282 3946 322 3995 ed.
334 3946 414 4006 1476,
423 3944 542 4009 hospitem
551 3963 597 4011 pro
608 3948 716 3997 mundo
761 3949 834 3995 venit.

204 4026 332 4077 homnem.
352 4050 389 4059 -·
406 4045 419 4066 α
431 4027 483 4073 Aut
502 4024 645 4085 bominem,
665 4043 715 4074 non
796 4041 821 4088 9.
836 4024 890 4074 Aut
901 4025 934 4073 do
944 4026 1031 4091 aliquo
1044 4042 1071 4074 ro
1083 4025 1202 4078 dicturos.
1216 4029 1274 4079 sm.

205 4123 256 4155 rem
266 4127 286 4154 a.
298 4105 357 4150 llaec
373 4100 462 4149 obsunt
477 4117 492 4148 s
505 4102 561 4149 cod.
575 4106 677 4153 Putesn.
691 4116 716 4153 et
759 4106 828 4153 eddit
846 4123 930 4154 eorum
950 4118 1007 4155 snte
1028 4107 1145 4155 dicturos.
1167 4109 1274 4169 Εοηηη,

203 4186 267 4236 Pitb.
286 4183 318 4230 Et
337 4179 445 4228 Pithoeus
464 4180 568 4243 glossam
590 4198 603 4228 u
623 4185 715 4232 recenti
758 4186 853 4248 inquit,
866 4185 934 4233 ebert
947 4201 961 4232 a
976 4185 1085 4248 pluribus
1102 4186 1161 4236 cod.
1179 4185 1274 4253 (m

202 4280 275 4313 menn
300 4259 437 4325 appositam
461 4257 573 4321 putebat.
601 4263 715 4311 Gennins
758 4263 788 4310 sb
807 4264 970 4329 Aug.)ldem
989 4265 1103 4329 displicet
1124 4268 1235 4318 Grutem
1248 4283 1275 4319 et

202 4357 281 4393 semen
302 4337 375 4387 nobis
392 4337 517 4394 videntur,
535 4354 589 4401 quae
610 4342 663 4391 Cic.
683 4344 714 4391 de
758 4344 865 4392 Grtevio.
877 4346 972 4392 Ernesti
986 4344 1089 4404 delerit,
1102 4347 1274 4399 nesdtnoein)

203 4428 298 4470 Invent.
317 4421 343 4469 1,
367 4432 407 4476 17,
422 4419 448 4463 in
465 4414 548 4463 eadem
564 4434 635 4467 censs
652 4420 713 4471 dicit
757 4424 855 4487 quidem
865 4425 964 4472 lectore.
974 4425 1022 4473 Sed
1030 4426 1115 4475 abesse
1123 4443 1178 4476 non
1187 4428 1274 4493 debet,

202 4510 262 4549 sant
271 4512 317 4564 pro
327 4511 352 4542 re
359 4495 481 4542 hominem
489 4530 497 4550 ,
506 4505 548 4545 aut
557 4513 604 4561 pro
614 4499 711 4552 bomine
756 4503 823 4567 quod
833 4505 869 4552 vel
881 4522 895 4551 e
906 4504 977 4552 simili
988 4505 1054 4566 loeo,
1065 4505 1119 4556 Cic.
1130 4507 1164 4556 de
1175 4510 1272 4558 lnreut.

202 4597 254 4629 rem
271 4579 456 4638 interponere..
475 4576 534 4625 Sca.
554 4602 589 4614 -
602 4579 713 4643 Spectari
756 4586 781 4643 1,
796 4599 836 4644 17,
848 4584 1010 4648 intelligitur:
1025 4596 1071 4635 -et
1084 4599 1192 4653 nogento
1202 4589 1273 4655 quid·
