2670 4786
255 356 305 425 IN
330 355 490 423 LIBROS
515 357 578 425 AD
605 358 644 424 C.
665 353 953 425 HERENNIUM.
1088 376 1136 419 vn

73 490 129 559 llis
150 488 270 575 lectis,
295 512 403 560 nemo
425 503 479 560 est
505 491 666 586 quinon
692 489 830 577 videat,
852 501 914 559 aut
939 502 1137 582 utrumque

73 613 295 683 ceommuni
317 610 418 685 lonte
442 612 572 685 hausta
593 612 801 711 protulisse,
824 627 889 683 aut
914 613 1069 683 alterum
1091 611 1139 683 ab

72 736 179 808 altero
200 735 316 808 multa
337 752 561 829 mutuatum,
582 754 646 811 aut
664 738 833 811 eumdem
851 763 929 809 esse
945 739 1137 834 utriusque

72 861 189 956 operis
210 875 407 931 auctorem.

116 986 160 1052 Et
183 982 354 1054 nonnulli
382 980 548 1080 quidem,
577 985 675 1054 inter
697 1008 793 1080 quos
813 982 1025 1069 Wetzelius,
1055 984 1136 1080 opi·

72 1120 202 1177 uantur
225 1122 421 1205 utrumque
446 1113 689 1207 Hermagorae,
714 1123 754 1180 ut
772 1109 832 1181 ille
848 1111 915 1195 ait,
942 1106 1078 1179 rivulos
1100 1108 1140 1177 in

72 1228 195 1302 hortos
226 1256 311 1302 suos
337 1230 536 1304 deduxisse.
565 1232 708 1324 Quibus
736 1232 925 1331 respondit
951 1232 1138 1303 verissime

70 1352 283 1426 Schiitzius:
303 1358 342 1425 Si
366 1369 522 1453 uterque
544 1381 700 1453 graecnm
728 1371 904 1455 sequutus
929 1370 1041 1441 esset,
1063 1379 1140 1428 non

64 1477 171 1550 lacile
194 1480 385 1577 explicari,
404 1481 594 1579 quomodo
617 1497 672 1553 tot
698 1482 777 1553 loca
798 1481 923 1554 iisdem
938 1479 1056 1552 verbis
1075 1504 1140 1578 po·

71 1604 205 1673 tuerint
225 1602 272 1674 ab
300 1620 459 1703 utroque
482 1610 674 1678 enuntiari.
694 1650 742 1661 -
766 1606 862 1696 Quid
889 1630 977 1678 vero
1004 1607 1034 1676 si
1064 1604 1141 1674 lati·

70 1726 181 1796 num?
195 1770 246 1780 —
262 1728 509 1825 Respondebit
530 1728 591 1799 hic
615 1755 764 1827 qnoque
789 1729 1006 1801 Schiitzius:
1032 1759 1050 1794 α
1066 1732 1139 1799 Au-

70 1863 205 1920 ctorem
233 1848 410 1922 librorum
442 1851 488 1922 ad
520 1856 742 1924 Herennium
779 1851 910 1925 diserte
940 1851 1140 1949 significare

69 1977 142 2069 (lv,
162 1974 199 2070 7)
222 1976 370 2046 nomina
387 1974 584 2072 figurarum
604 1976 732 2057 latina,
749 2001 831 2073 quae
851 1976 898 2047 de
916 2001 1032 2073 graeco
1055 2002 1141 2046 con-

70 2099 233 2181 verterit,
251 2113 391 2170 remota
410 2125 487 2171 esse
506 2127 527 2169 a
548 2100 828 2185 consuetudine3
854 2101 950 2171 nude
971 2098 1141 2197 probabi·

70 2223 149 2295 liter
167 2224 360 2321 colligitur,
372 2228 405 2297 ei
424 2226 563 2297 nullum
583 2226 739 2297 rhetoris
754 2227 853 2297 latini
869 2226 1001 2296 librum
1018 2228 1139 2322 cogni-

69 2361 146 2417 tum
168 2345 295 2435 fuisse,
314 2374 333 2419 e
355 2374 432 2446 quo
453 2348 652 2447 figurarum
677 2350 785 2420 latina
814 2352 962 2421 nomina
989 2353 1040 2420 sic
1064 2349 1137 2444 jam

70 2471 209 2554 usitata,
221 2484 257 2540 et
273 2485 466 2567 propterea
482 2473 602 2544 minus
618 2475 818 2571 asperitatis
834 2472 999 2545 habitura
1016 2488 1139 2570 petere

71 2607 191 2689 posset
202 2624 230 2661 ».
256 2595 485 2689 Quamquam
510 2592 580 2664 dici
603 2608 743 2690 potest,
773 2597 836 2691 qui
862 2595 971 2691 primi
992 2592 1037 2664 de
1058 2592 1137 2663 rhe-

69 2721 181 2789 torica
208 2718 318 2788 latine
342 2719 581 2816 scripserunt,
599 2734 664 2790 aut
686 2717 958 2807 disseruerunt,
986 2742 1049 2789 eos
1075 2743 1138 2787 no·

69 2843 165 2913 mina
184 2840 382 2941 figurarum
403 2868 515 2940 graeca
535 2846 772 2941 usurpavisse.

115 2964 243 3036 -Sed
253 2965 346 3035 alter
357 2963 404 3035 ab
418 2965 531 3036 altero
547 2980 732 3037 mutuatus
744 2965 965 3037 est-Illud
979 2966 1135 3063 primum

66 3085 444 3173 animadvertendum,
459 3102 715 3186 praeceptorem
732 3090 1018 3174 Herennianum,
1035 3088 1136 3185 quod

67 3208 269 3306 Purgoldus
277 3209 540 3307 Sohiitziusque
551 3210 861 3297 demonstravere,
874 3213 1033 3308 priorem
1047 3214 1134 3282 scri·

68 3334 190 3431 psisse.
208 3332 273 3404 Ille
292 3334 390 3403 enim
408 3332 563 3403 alfirmat
580 3336 637 3424 (l,
657 3334 704 3430 9)
730 3358 768 3405 se
791 3357 882 3403 nova
908 3332 954 3403 de
974 3335 1134 3403 insinua-

67 3456 229 3527 tionibus
248 3457 520 3553 excogitavisse,
531 3457 633 3555 qnod
647 3482 706 3528 eus
720 3457 819 3527 solus
836 3459 872 3526 in
889 3458 956 3526 tria
970 3471 1133 3552 tempora

66 3577 242 3665 diviserit;
260 3582 389 3651 Cicero
406 3594 528 3650 autem
546 3582 639 3676 (lov.
658 3585 694 3666 I,
715 3578 772 3676 17)
794 3577 934 3649 disertis
949 3576 1067 3647 verbis
1087 3576 1132 3647 de

68 3709 194 3779 iisdem
216 3705 331 3778 tribus
359 3706 585 3804 temporibus
613 3708 703 3804 agit,
732 3704 865 3802 quibus
892 3705 1135 3775 insinuatione

68 3834 310 3929 potiusquam
323 3832 504 3930 principio
517 3830 695 3903 utendum
708 3831 763 3900 sit.
779 3834 874 3925 Ergo
888 3827 992 3899 editis
1001 3829 1074 3922 jam
1090 3827 1133 3897 ad

69 3960 287 4026 llerennium
302 3956 505 4027 eretoricis
518 3954 568 4026 de
577 3955 793 4026 Inventione
807 3952 919 4023 libros
932 3953 1083 4050 scripsit.

117 4081 208 4169 Quis
226 4094 280 4150 est
301 4078 360 4150 ille
382 4079 491 4175 igitur
511 4102 641 4175 quem,
666 4092 706 4147 nt
730 4076 879 4161 volunt,
911 4077 1038 4147 Cicero
1057 4102 1135 4148 non
