2610 5258
155 841 200 922 ²4
222 879 227 892 «
393 887 395 891 ⁴
494 840 543 906 Μ.
569 839 608 906 Τ.
634 839 880 910 CICERONIS

154 958 293 1045 marim,
305 982 379 1029 nou
392 957 631 1056 particulatim
645 955 891 1046 narrabimus;
906 973 943 1031 et
960 962 989 1031 si
1006 985 1067 1033 nor

154 1082 326 1154 tremum,-
339 1066 401 1138 sed
418 1091 536 1164 usque
547 1091 612 1152 eo,
625 1091 702 1163 quo
712 1091 805 1166 opus
818 1069 897 1157 erit,
914 1093 1066 1168 persequ

155 1192 191 1250 et
211 1183 242 1249 si
264 1175 536 1249 transitionibus
553 1177 661 1248 nullis
682 1192 829 1264 utemur
837 1175 864 1266 5;
874 1193 918 1251 et
935 1182 964 1252 si
983 1207 1059 1253 non

153 1286 273 1360 bimus
287 1286 333 1359 ab
347 1312 410 1376 eo,
427 1286 528 1385 quod
546 1289 764 1385 coeperimus
779 1311 981 1388 exponere3
1003 1306 1066 1363 ets

153 1424 272 1472 rerum
283 1401 331 1473 ita
341 1395 554 1498 ponemus⁶‚
563 1413 605 1469 ut
619 1412 702 1470 aute
715 1423 876 1497 quoque,
889 1424 970 1499 quae
986 1397 1066 1497 fact:

154 1513 236 1613 sciri
259 1511 418 1611 possint,
445 1511 587 1581 tametsi
606 1533 673 1580 nos
694 1510 965 1591 reticuerimus:
983 1535 1066 1608 quo<

154 1636 208 1695 est
215 1615 244 1708 ⁸,
258 1622 290 1693 si
305 1620 440 1693 dicam:
452 1648 470 1685 e
483 1642 541 1689 me
558 1644 603 1691 ex
618 1619 804 1717 provincia
816 1617 996 1706 redisse»,
1011 1644 1066 1719 pr<

151 1761 301 1836 quoque
319 1738 359 1807 in
381 1735 605 1834 provinciam
624 1733 854 1831 intelligatur.
885 1738 931 1804 Et
965 1737 1064 1805 omni

153 1846 265 1919 modo
282 1847 320 1919 id
344 1845 444 1945 quod
468 1845 588 1936 obest,
611 1844 796 1916 sedetiam
819 1843 858 1915 id
883 1845 986 1943 quod
1006 1871 1066 1916 ne<

153 1972 228 2046 est,
252 1980 372 2055 neque
399 1953 560 2050 adjurat,
589 1958 699 2026 satius
723 1967 779 2026 est
808 1956 1002 2051 praeterire.
1028 1959 1066 2026 Et

153 2079 216 2137 aut
238 2065 367 2162 saepius
391 2062 489 2135 idem
510 2062 687 2148 dicamus,
713 2063 913 2135 cavendum
935 2080 989 2136 est
1012 2091 1020 2133 :
1043 2090 1064 2137 e

152 2172 210 2259 id,
229 2172 331 2272 quod
355 2173 466 2245 semel
485 2196 596 2273 supra
619 2173 792 2261 diximus,
814 2172 985 2273 deinceps
1007 2175 1066 2249 dic

158 2282 228 2355 hoc
250 2282 385 2356 modo:
404 2307 409 2319 ·

156 2427 247 2496 Hirtino
255 2427 337 2490 initio,
347 2445 398 2494 quo
409 2428 552 2481 semiuirs
560 2431 598 2489 11,
613 2430 662 2479 ad:
708 2431 771 2479 MSS
784 2428 895 2494 pluribus
912 2445 952 2494 ep.
970 2429 1037 2478 Oud.
1057 2447 1066 2478 s

153 2525 194 2556 us
216 2523 312 2557 musmo
330 2507 433 2557 exordio
445 2522 478 2570 ις
501 2520 527 2556 et
547 2508 662 2557 Coruin
708 2521 733 2558 et
745 2508 803 2558 edd.
821 2509 891 2558 Med.
911 2511 982 2558 lunt.
997 2509 1066 2572 (quil

154 2589 278 2643 Atticum,
294 2589 319 2646 1,
340 2586 438 2636 ruah
459 2586 546 2634 ultima
569 2586 664 2650 origiue
707 2589 877 2648 addincodd.
896 2591 945 2639 Eri.
960 2592 1061 2639 Voss.3

153 2670 235 2733 stirpis
248 2682 275 2726 ις
291 2677 315 2715 et
328 2666 445 2730 Virgilius
461 2669 517 2715 AEu.
534 2668 595 2728 vn,
612 2674 662 2729 49,
707 2668 782 2732 vulgo
789 2685 947 2733 exponemus,
956 2670 1024 2733 quod
1034 2687 1066 2717 ei

154 2746 529 2808 «ultimussuctorssuguiuisn.
708 2762 765 2793 nere
774 2760 856 2793 ortum
866 2758 910 2794 est.
922 2748 985 2794 Finis
995 2764 1066 2795 remu

189 2835 214 2880 4.
230 2829 409 2888 Perrequemur.
425 2827 465 2874 Sic
479 2826 536 2874 dedi
550 2841 595 2889 pro
604 2842 664 2890 pro·
708 2826 783 2887 uitur,
792 2826 834 2873 sed
843 2826 953 2889 ponitur.
968 2827 1031 2875 Eun.

153 2921 288 2970 sequemur,
303 2904 370 2968 quod
384 2906 410 2951 iu
424 2905 469 2952 hec
480 2905 598 2953 sententis
610 2921 663 2952 nou
745 2920 768 2964 7.
788 2909 850 2950 Ante
867 2920 976 2968 qnoque,
997 2921 1066 2968 quer¹

154 2985 251 3034 dieitur.
269 2983 334 3032 Illud
350 2983 440 3035 habent
460 2986 522 3033 Mss
541 3000 580 3048 ap.
597 2985 663 3034 Oud
710 2984 828 3047 Quoque,
840 2983 907 3045 quod
925 2982 952 3030 h.
971 2983 988 3030 l.
1007 2985 1066 3030 otior

154 3078 207 3114 tum
215 3063 281 3128 Lips.
290 3064 357 3112 Cort.
366 3063 424 3112 edd.
436 3065 588 3125 residunt.
598 3066 664 3112 Eas.
708 3073 772 3109 recte
784 3061 876 3109 omittit
884 3061 940 3110 cod
954 3064 1018 3126 Aug.
1032 3065 1066 3110 Its

190 3144 214 3191 5.
248 3141 437 3191 Transitionidus
461 3143 535 3191 nullu
560 3155 663 3191 utemur.
708 3141 767 3189 Sca.

69 3287 72 3292 Ι
152 3218 664 3285 Clenririnterpres:sinoruneclterclons
746 3220 769 3268 Β.
786 3219 860 3283 Quod
868 3235 945 3284 genus
959 3231 999 3268 est.
1014 3221 1053 3267 Sic

152 3318 198 3367 pas
208 3301 239 3349 de
248 3301 392 3349 transitione.
399 3304 432 3350 At
439 3301 540 3349 Wetsel.
548 3318 623 3365 quum
632 3300 664 3349 ad
708 3316 755 3362 quc
764 3310 787 3346 et
797 3299 852 3347 edd.
863 3315 900 3363 pr.
908 3299 975 3363 quod
985 3301 1066 3347 restltu

154 3381 302 3430 lieecrel'erst
315 3396 342 3428 es
355 3395 409 3443 qun
420 3379 501 3444 paullo
515 3381 560 3428 int.
571 3397 599 3444 p.
613 3381 663 3439 26:
707 3379 739 3425 ab
752 3379 825 3427 Aldo.
843 3407 878 3415 —
895 3383 949 3426 Hoc
963 3389 992 3426 nt
1009 3396 1066 3426 next

157 3484 170 3504 ι
181 3476 213 3509 ue
225 3475 297 3525 quem
306 3460 331 3507 iu
340 3458 411 3506 sliam
422 3476 471 3507 rem
481 3470 628 3507 transeamus
638 3480 664 3518 ι,
708 3457 871 3515 demonstrat,
889 3457 914 3506 b.
936 3457 953 3504 l.
974 3457 1066 3506 absolut

156 3541 239 3589 nescio
255 3555 287 3587 sn
300 3537 385 3586 melius
397 3555 493 3586 sensum
506 3537 663 3602 perspexerit.
708 3553 775 3602 pro:
797 3549 824 3584 ut
843 3548 885 3585 aut
908 3537 1039 3601 quomodo
1060 3542 1066 3586 l

156 3622 213 3670 Dirc
222 3620 286 3668 euim
299 3617 352 3666 loce
365 3618 458 3666 confer.
465 3616 568 3666 Videtur
579 3627 665 3665 auctor
708 3617 775 3681 quod
789 3616 862 3680 vulgo
875 3616 997 3677 adficitur,
1012 3616 1066 3664 abes

158 3701 196 3749 leis
213 3698 296 3747 eedem
311 3708 432 3763 precepta
444 3697 567 3762 posuisse:
584 3697 663 3744 «etsi
708 3696 812 3755 Aldine,
825 3696 965 3744 delevimus.
977 3697 1034 3744 Sca.
1045 3724 1066 3733 -

157 3794 208 3828 uon
216 3778 249 3827 sd
256 3790 304 3827 ext.
315 3792 500 3842 persequemur3
511 3792 582 3824 -ne
590 3775 664 3840 longe
708 3787 733 3824 et
745 3777 870 3824 Gruterus.

117 3872 132 3891 ‘
157 3857 449 3925 persequemurqinfrs:
465 3856 505 3904 usi
515 3871 566 3903 non
577 3855 607 3902 ab
620 3854 663 3904 ult.
743 3871 768 3920 9.
787 3856 867 3903 Etr'am
880 3855 961 3912 aeid,
977 3856 1066 3918 quodi

155 3938 209 3988 init.
222 3949 297 4002 repet.
310 3935 545 3995 volemum-nub
555 3951 580 3982 u.
595 3952 664 3999 repe-
707 3935 832 3992 diurnus,
860 3933 971 3997 deinceps
998 3934 1066 3980 dican

155 4028 267 4076 remum
279 4017 324 4064 inl.
340 4015 381 4063 «si
394 4027 427 4063 tr.
440 4014 514 4062 nullis
527 4025 626 4062 utemur
635 4033 665 4074 ι;
707 4015 775 4062 abest
789 4016 833 4062 MS
848 4015 914 4079 Llps.
928 4013 959 4060 Id
974 4013 995 4060 si
1016 4029 1066 4076 gem

158 4124 194 4136 -
215 4114 269 4145 sue
290 4111 363 4160 quem
386 4096 411 4143 iu
441 4093 472 4141 al.
495 4109 545 4141 rem
568 4105 664 4143 trans·
708 4104 771 4141 recte
781 4091 875 4153 judicat
888 4092 1011 4149 Graevius,
1029 4092 1066 4143 ber

157 4177 260 4225 obstare
278 4175 375 4224 ridetur
388 4171 456 4237 quod
471 4172 528 4220 inde
547 4174 665 4236 sequitur,
708 4172 816 4244 membro
829 4189 880 4220 esse
895 4174 919 4219 ln
934 4172 992 4219 cod.
1007 4173 1066 4219 Duie

157 4257 240 4306 eedem
255 4257 355 4304 omniuo
365 4252 491 4301 sententis.
512 4251 572 4300 Ideo
584 4252 664 4316 legeu-
708 4253 733 4300 d.
748 4253 794 4301 (1.»
805 4254 852 4301 Sed
864 4254 922 4301 mihi
931 4253 1019 4317 soept'ns
1030 4270 1065 4299 es

158 4337 216 4386 dum
227 4335 395 4399 proposuerim
406 4347 412 4381 :
425 4333 505 4380 «etsi
518 4343 592 4380 treus.
602 4332 663 4380 null.
707 4333 756 4380 hnc
777 4343 878 4380 tractum
902 4332 1007 4379 videtur.
1029 4334 1066 4394 Sep

157 4427 232 4464 utem.
245 4424 270 4460 et
283 4429 332 4460 uon
346 4412 454 4461 deerrelr.
469 4411 544 4459 abeo
560 4428 586 4475 q.
600 4428 663 4477 coep.
708 4414 817 4460 Graevius
829 4425 928 4460 auctore
942 4412 986 4457 MS
1000 4413 1050 4458 Erf.
1065 4437 1066 4448 .

157 4511 213 4558 exp.
223 4515 234 4537 ι
246 4493 322 4541 delete
333 4494 401 4553 conj.
413 4493 442 4542 si.
708 4492 783 4541 Abest
798 4494 868 4540 etiam
887 4493 927 4540 ed.
944 4490 1011 4539 Med.
1031 4500 1066 4547 14*

191 4575 217 4623 6.
239 4575 279 4622 Ita
295 4588 422 4639 ponemus.
442 4573 482 4621 Sic
504 4571 614 4621 dedimus
633 4589 664 4620 ex
707 4572 790 4620 abesse
801 4588 850 4620 uon
863 4582 956 4636 potest,
967 4571 1023 4634 quia
1036 4586 1066 4633 op
