2610 5258
204 354 254 425 IN
279 354 440 424 LIBROS
464 354 529 421 AD
554 355 594 423 C.
619 352 907 424 HERENNIUM.
1042 376 1087 422 xv
1119 362 1124 369 '

19 504 60 561 et
79 488 182 588 quod
196 514 236 561 se
252 490 409 588 primum
425 487 549 585 figuris
565 491 823 558 sententiarum
841 502 878 557 et
892 483 1086 557 verborum
1124 552 1134 565 ,

30 612 133 684 letina
154 615 304 684 nomina
326 614 536 710 imposuisse
562 613 680 683 innuit
705 616 767 696 IV,
800 636 832 707 7.
855 615 982 706 Itaque
1008 608 1088 681 fieri

38 753 166 837 potest,
190 752 232 809 nt
250 763 333 809 eurn
348 737 593 828 Quintilianus
606 739 701 807 inter
718 766 735 801 α
748 736 868 806 minus
882 733 1089 823 celebres»,

44 864 188 959 quiante
203 864 414 935 Ciceronem
430 862 475 933 de
490 877 566 932 arte
584 862 810 960 scripserint,
829 886 922 958 quos
942 858 1002 931 lib.
1018 866 1090 951 111,

55 1012 77 1067 r,
92 988 297 1058 nominatim
320 987 416 1058 haud
435 1000 618 1074 recenset,
639 987 813 1057 retulerit.
826 992 999 1057 Praeterea
1016 1001 1091 1058 tota

10 1146 12 1195 ,
54 1112 197 1182 orationis
217 1109 333 1182 forma
352 1112 561 1208 scriptorem
588 1108 726 1207 prodit,
747 1111 811 1207 qui
834 1123 997 1181 uteretur
1017 1136 1091 1182 ser·

56 1256 136 1303 mone
150 1234 263 1304 latino
279 1233 351 1327 jam
373 1258 393 1303 a
413 1238 538 1305 Crasso
552 1246 588 1304 et
602 1236 762 1303 Antonio
784 1232 826 1303 ad
848 1234 1090 1331 eloquentiam

57 1357 188 1443 exculto,
214 1356 380 1427 nondum
394 1370 515 1427 tamen
529 1356 573 1427 ad
593 1381 769 1426 summam
789 1382 897 1453 quam
917 1358 950 1427 ei
969 1358 1093 1428 Cicero

58 1482 230 1552 conciliavit
252 1479 512 1579 perfectionem
540 1479 879 1577 absolutionemque
902 1495 1093 1578 provect03

59 1604 133 1698 cujus
149 1629 264 1701 quum
288 1600 417 1674 nullibi
440 1606 660 1674 mentionem
680 1601 822 1687 fecerit,
839 1628 969 1699 magno
988 1602 1094 1675 nobis

60 1751 241 1833 argumento
258 1760 334 1807 esse
348 1732 466 1821 debet,
478 1758 578 1820 enm,
594 1748 787 1832 antequam
803 1733 892 1807 illud
908 1737 1093 1832 ingenium

10 1874 12 1881 '
61 1857 345 1931 admaturitatem
371 1882 470 1929 suam
493 1860 732 1955 pervenisset,
752 1857 797 1930 de
818 1873 894 1929 arte
915 1859 1094 1931 rhetorica

10 1990 12 2001 ¹
63 1986 252 2083 scripsisse.»

10 2118 18 2161 ³
94 2114 162 2180 llaec
173 2123 259 2181 sunt
273 2132 353 2205 quae
366 2106 411 2177 de
424 2106 482 2177 illa
495 2105 738 2205 disputatione
750 2129 959 2203 comparare
975 2108 1093 2203 potui,

10 2226 18 2285 ὲ
66 2230 117 2325 ipse
144 2236 272 2304 mentis
304 2230 461 2314 dubius,
498 2229 635 2302 nedum
669 2229 745 2300 aliis
776 2231 839 2299 viae
877 2244 1095 2302 monstrator

11 2367 21 2410 t
68 2366 120 2417 esse
135 2350 247 2421 velim.

757 2449 787 2514 J.
801 2449 855 2514 W.
878 2449 980 2516 Rum.
