2610 5258
209 401 259 469 ΙΝ
284 397 447 467 LIBROS
472 399 536 466 AD
561 398 602 466 C.
624 396 913 466 HERENNIUM.
1055 422 1093 467 ιι

40 543 113 600 tur:
127 532 383 603 «Contrarium
397 545 469 616 est,
489 530 589 628 quod
604 555 648 602 ex
664 530 774 602 rebus
792 531 940 601 diversis
954 528 1095 602 duabus

48 654 177 725 alteram
199 653 359 726 breviter
378 670 414 726 et
438 652 541 726 facile
560 653 793 742 confirmat»,
814 652 926 752 idque
946 657 984 725 in
1003 652 1095 752 lign-

51 779 89 849 ris
107 793 322 850 numeratur.
345 784 537 877 Propterea
558 779 705 850 Mattius
731 776 885 876 negabat
907 802 930 849 a·
953 779 1096 868 Quinti·

10 920 13 951 ¹
54 899 128 972 lituo
142 899 188 972 de
203 905 426 999 argumentis
443 902 617 1000 loquente
632 900 763 973 factam
782 903 1096 974 commemoratio·

56 1044 120 1092 nen
143 1022 326 1095 Cornificii
353 1024 426 1096 hnc
455 1026 646 1123 pertinere.
681 1026 811 1121 Neque
837 1050 923 1096 vero
950 1027 1028 1122 ipse
1059 1024 1096 1094 id

57 1141 205 1217 affirmare
220 1149 347 1235 ausim,
359 1152 556 1245 praesertim
568 1172 683 1244 quum
697 1147 757 1219 ille
766 1148 977 1236 Quintiliani
995 1148 1096 1220 locus

58 1268 192 1342 nondum
211 1273 298 1343 satis
319 1272 508 1371 expeditus
530 1297 606 1345 esse
628 1272 800 1345 videatur.

89 1393 253 1484 «Quintil.
277 1399 346 1483 IX,
368 1423 408 1484 a,
430 1422 474 1493 ²7
494 1422 503 1464 ε
523 1394 764 1467 «Cornificius
789 1395 968 1467 licentiam
991 1410 1096 1468 vocat

59 1523 237 1614 πιρρησίαν».
267 1522 309 1590 A.
332 1518 377 1591 ad
401 1526 560 1592 Hereun.
589 1524 657 1608 IV,
689 1520 769 1593 36:
799 1522 997 1592 «Licentia
1022 1535 1093 1605 est,

59 1660 146 1733 quum
162 1642 260 1740 apud
280 1667 362 1728 eos,
380 1668 474 1740 quos
493 1657 555 1715 aut
576 1646 692 1715 vereri
714 1658 777 1715 aut
799 1658 962 1714 metuere
983 1642 1092 1714 debe·

60 1784 132 1851 nus,
146 1780 266 1837 tamen
285 1766 422 1864 aliquid
436 1757 506 1866 'pro
519 1767 602 1863 jure
622 1782 747 1839 nostro
766 1766 954 1838 dicimus».
975 1773 1095 1839 Potest

60 1906 121 1957 nne
134 1888 379 1978 Quintilianus
399 1891 435 1961 h.
454 1891 475 1961 l.
493 1892 714 1963 Herenniani
735 1893 848 1961 nostri
870 1891 1092 1988 respexisse:

60 1999 116 2077 lieri
128 2022 244 2082 tamen
261 2013 370 2083 etiarn
385 2028 522 2110 potest,
541 2028 582 2085 nt
596 2013 641 2084 ad
655 2014 765 2084 alium
780 2011 913 2083 librum
931 2036 1097 2109 respexe-

59 2129 102 2215 n‘t,
117 2132 150 2201 in
173 2158 249 2230 quo
267 2134 485 2208 Cornificius
505 2134 684 2208 vocabulo
704 2138 841 2206 licentia
862 2133 991 2205 eodem
1013 2159 1096 2205 mo·

59 2246 107 2337 lo,
120 2279 191 2351 quo
207 2261 479 2348 Herennianus,
497 2285 584 2331 usus
599 2273 702 2333 esset.

88 2379 257 2467 «Quintil.
284 2384 354 2468 IX,
375 2381 416 2469 3,
436 2381 494 2468 31,
521 2381 646 2479 figurae
674 2381 934 2478 complexionis
957 2406 984 2451 s.
1012 2410 1092 2475 cup·

51 2506 144 2585 πλοκῆς
162 2503 257 2575 idem
275 2506 484 2604 exemplum
511 2505 636 2592 affert,
658 2533 735 2604 quo
756 2508 870 2578 utitur
891 2512 929 2576 A.
951 2506 994 2577 ad
1021 2514 1092 2576 lle·

47 2644 131 2695 renn.
149 2633 210 2713 IV,
231 2631 274 2714 td
295 2656 303 2698 ε
328 2632 426 2718 «Qui
445 2645 529 2702 sunt
550 2685 607 2701 ...
629 2631 977 2727 Carthaginienses».
999 2633 1092 2720 Quia

40 2760 149 2820 tamen
182 2754 425 2842 Quintilianus
455 2753 552 2825 haud
581 2753 698 2835 addit,
733 2756 790 2824 cui
824 2755 990 2851 scriptori
1025 2754 1095 2825 hoc

32 2875 234 2973 exemplum
256 2893 443 2975 acceptum
462 2876 613 2964 referat,
636 2878 725 2948 nihil
750 2879 808 2948 illa
829 2903 1092 2950 commemora·

25 3000 126 3070 tione
145 2999 190 3071 ad
212 3025 356 3072 causam
377 3018 534 3074 nostram
551 3001 716 3074 efficitur.

71 3153 90 3189 u
100 3125 255 3213 Quintil.
267 3128 329 3211 tx,
344 3125 378 3209 3,
393 3125 438 3198 56
456 3154 463 3196 :
479 3157 496 3191 α
510 3132 602 3199 Sunt
615 3141 736 3198 tamen
752 3125 893 3196 erudita
912 3142 948 3197 et
962 3126 1088 3197 latina:

13 3246 192 3321 Africano
220 3248 392 3318 virtutem
413 3248 610 3332 industria,
642 3252 755 3318 virtus
784 3249 952 3344 gloriam,
979 3248 1091 3344 gloria

10 3371 172 3444 aemulos
188 3375 444 3470 comparavit».
459 3378 503 3443 Et
513 3373 610 3443 Calvi
620 3400 628 3442 ε
639 3377 744 3445 «Νοη
761 3396 846 3469 ergo
859 3374 970 3465 magis
987 3396 1094 3469 pecu·

10 3499 166 3585 uiarum
191 3496 490 3594 repetundarum,
515 3512 615 3567 etc.»
640 3500 706 3568 Hic
738 3495 964 3595 Spalclingius
989 3513 1092 3569 acute

10 3604 229 3719 suspicatur
246 3636 329 3718 post
347 3619 462 3693 latina
485 3624 654 3693 omissam
677 3646 753 3693 esse
774 3646 794 3691 a
820 3620 972 3691 librariis
994 3648 1092 3693 men-

10 3734 355 3849 tion'e'm25'auctoris,
374 3749 458 3844 qnia
472 3748 593 3844 paullo
608 3763 690 3844 post
704 3748 891 3844 sequitur:
911 3751 960 3817 Et
979 3747 1088 3817 Calvi.

10 3878 112 3943 Sane
121 3858 162 3938 ''si
181 3869 301 3969 hicjin
319 3848 423 3942 codd.
442 3870 643 3965 legeremus
667 3898 674 3939 :
700 3875 824 3942 «Sunt
850 3885 971 3940 tamen
1004 3897 1087 3942 eru-

10 3996 89 4067 dita
110 4008 149 4064 et
168 3991 284 4063 lan'na
301 3992 530 4091 Cornificii»,
551 3994 610 4065 hic
635 3995 738 4067 locus
757 4018 815 4065 mo
837 3996 991 4066 maxime
1014 4021 1090 4067 rno-

13 4134 138 4205 veret‚
155 4132 197 4188 ut
215 4119 455 4191 existimarem
471 4119 757 4208 Quintilianum,
777 4116 837 4190 nbi
855 4118 1089 4192 Cornificium
