2610 5258
208 888 232 932 x
520 862 702 933 ALTERA
726 864 958 934 PRAEFATIO

209 997 444 1096 Gnipbonem
457 1000 630 1070 Suetonio
642 998 826 1097 Fabioque
841 1006 1081 1071 memoratum
1095 1000 1282 1075 librorum

208 1138 414 1196 nostrorum
432 1139 614 1195 auctorem
630 1139 772 1222 putans.
788 1131 832 1196 In
850 1150 925 1223 quo
945 1150 1020 1197 non
1038 1128 1280 1213 morabimur,

206 1248 293 1334 rati,
315 1261 356 1318 ut
376 1247 550 1333 diximus,
572 1261 756 1319 auctorem
781 1272 930 1335 eorum,
954 1250 1119 1348 quisquis
1143 1249 1279 1339 luerit,

207 1396 284 1442 non
303 1370 485 1441 rhetorem
509 1367 629 1441 luisse.
653 1367 886 1441 Cornificium
915 1370 1094 1459 malimus,
1122 1373 1169 1445 de
1199 1400 1277 1472 quo

209 1495 297 1593 quid
327 1494 558 1567 sentiendum
592 1494 639 1564 sit
674 1492 939 1591 querentibus,
969 1499 1274 1571 accuratissimam

208 1618 367 1691 Schr'rtaii
388 1618 669 1716 disputationem
689 1616 849 1689 affemm.
1088 1622 1090 1627 '

254 1743 510 1815 «Cornificium
524 1742 702 1813 seniorem
716 1767 791 1838 quo
801 1744 1115 1828 minus,utmultis
1127 1745 1278 1844 placuit,

207 1882 394 1939 auctorem
424 1864 602 1936 librorum
637 1864 683 1936 ad
711 1869 933 1937 Herennium
963 1893 1041 1939 esse
1067 1868 1276 1955 credamus,

207 1993 362 2062 maxime
378 1987 484 2059 nobis
498 1987 618 2060 obstat
632 1988 721 2073 hoc,
739 1988 841 2086 quod
855 1991 957 2061 illum
975 1993 1149 2090 aequalem
1168 1998 1274 2067 Cice-

206 2118 308 2186 ronis
324 2112 433 2184 fuisse
446 2124 605 2197 constat,
620 2136 729 2207 quem
750 2137 795 2183 ex
808 2113 954 2210 aequalis
975 2128 1011 2186 et
1030 2114 1275 2213 condiscipuli

207 2238 309 2309 libris
324 2239 362 2306 in
376 2260 461 2307 suos
480 2235 680 2307 rhetoricos
696 2250 767 2306 tam
784 2236 898 2306 multa
918 2237 1162 2324 transtulisse,
1175 2234 1274 2307 haud

208 2376 264 2433 est
285 2357 467 2432 credibile.
488 2360 617 2457 Neque
635 2372 755 2429 tamen
774 2359 890 2429 ausim
910 2383 1060 2455 negare,
1083 2358 1281 2449 Quintilia-

207 2509 312 2571 num,
332 2484 396 2581 qui
411 2506 507 2579 saepe
527 2479 762 2552 Cornificium
780 2479 918 2567 laudat,
941 2505 1021 2578 quae
1044 2505 1089 2551 ex
1109 2505 1155 2552 eo
1176 2494 1275 2553 atttr-

206 2609 306 2695 lerit,
325 2634 346 2679 e
362 2606 462 2677 libris
478 2605 680 2676 Rhetoricis
694 2603 740 2675 ad
756 2606 978 2675 Herennium
991 2604 1283 2703 deprompsisse,

207 2734 399 2831 ipsumque
417 2754 478 2801 cos
490 2727 685 2799 Cornificio
696 2729 832 2798 auctori
851 2726 1064 2798 tribuendos
1078 2730 1274 2799 censuisse.

206 2854 314 2946 Quod
333 2876 449 2949 quum
467 2852 541 2945 jam
560 2850 772 2921 Riccobono
792 2852 908 2921 visum
927 2866 1035 2935 esset,
1056 2866 1208 2925 exortus
1222 2868 1292 2925 est·

204 2986 259 3051 Jo.
290 2980 424 3047 Marius
452 2975 615 3054 Mattius,
642 2976 705 3070 qui
740 2977 777 3043 in
804 2971 1102 3043 annotationibus
1129 2976 1207 3045 suis
1238 2976 1277 3045 in

204 3101 322 3173 varios
340 3111 504 3170 auctores
526 3095 656 3166 latinos
681 3111 717 3166 et
739 3118 875 3191 graecos
896 3094 1148 3166 Riccobonum
1174 3096 1277 3169 refu-

203 3240 281 3296 tare
297 3236 499 3293 conaretur.
514 3222 639 3315 Nuper
656 3233 777 3288 autem
797 3217 1043 3316 Spaldingius.
1057 3224 1277 3295 novissimus

203 3347 376 3443 idemque
400 3343 629 3414 doctissimus
651 3342 867 3430 Quintiliani
893 3343 1172 3412 Institutionum
1194 3370 1276 3415 ora·

204 3470 377 3542 toriarum
396 3464 524 3549 editor,
537 3464 649 3535 literis
668 3463 713 3534 ad
731 3489 790 3535 me
808 3465 964 3561 scriptis,
986 3464 1074 3534 mihi
1094 3466 1275 3561 significa·

203 3595 273 3678 vit,
292 3616 332 3663 se
354 3586 563 3659 Riccobono
592 3588 772 3670 assentiri,
792 3586 838 3657 de
860 3611 975 3683 caque
994 3612 1034 3658 re
1052 3588 1273 3683 singularem

203 3714 367 3791 libellum
389 3710 561 3781 meditari.
586 3710 764 3781 Nimirum
795 3710 914 3779 omnia
942 3734 983 3780 ac
1011 3709 1152 3805 singula
1179 3711 1274 3798 loca,

203 3864 283 3937 quar
302 3834 546 3927 Quintilianus
561 3858 605 3903 ex
620 3830 802 3903 Cornificii
824 3831 925 3902 libris
942 3834 1090 3914 excitat,
1114 3836 1152 3903 in
1171 3834 1274 3907 libris

204 3964 248 4036 ad
266 3961 488 4033 Herennium
510 3957 663 4027 inveniri
691 3954 920 4051 Spaldingius
946 3979 1028 4025 cum
1058 3954 1274 4029 Riocobono

203 4079 401 4160 contendit.
421 4077 530 4169 Quod
554 4079 619 4149 etsi
641 4079 688 4148 ita
712 4075 942 4148 manifestum
962 4092 1033 4163 est,
1052 4092 1093 4147 ut
1112 4076 1272 4153 dubitari

203 4218 378 4303 nequeat,
393 4201 557 4271 nondum
577 4215 697 4272 tamen
717 4200 788 4272 boc
810 4204 888 4298 ipso
910 4204 1078 4285 vincitur,
1097 4200 1214 4275 libros
1228 4204 1271 4277 ad

203 4328 425 4403 Herennium
448 4349 467 4393 a
486 4322 680 4395 Cornificio
699 4326 853 4422 scriptos
875 4349 962 4395 esse.

252 4447 506 4539 «Quintilis,
539 4474 599 4531 ro,
629 4476 647 4517 α
669 4475 712 4517 ;«
726 4447 964 4545 Entliymema
1053 4450 1271 4523 Cornificius

204 4575 425 4651 contrarium
446 4571 638 4668 appellat».
657 4571 763 4669 Apud
787 4578 825 4643 A.
847 4571 891 4642 ad
914 4577 997 4643 Her.
1019 4575 1081 4659 IV,
1099 4576 1165 4659 rit,
1183 4574 1267 4673 legi·
