2670 4786
225 361 282 407 xiv
539 338 719 406 ALTERA
744 340 979 409 PRAEFATIO

225 474 293 544 mis
307 487 430 544 tamen
446 475 668 568 argumentis
682 471 770 542 mihi
790 456 967 569 persuasit
986 470 1213 570 Spaldingius
1236 470 1290 543 ibi

226 622 302 670 esse
324 598 505 667 occultatio
523 596 728 694 legendum.
749 601 883 668 Contra
905 595 1000 693 apud
1021 596 1288 686 Quintilianum

223 746 292 820 pro
319 721 576 791 tumulationem
607 718 754 790 forsitan
785 723 915 792 rectius
948 720 1088 817 legatur
1115 722 1288 791 transitio·

223 870 313 933 neni,
337 869 446 942 quam
473 842 626 940 figuram
647 847 914 928 Herennianus,
942 858 980 916 et
1000 868 1189 943 perperam
1213 845 1290 942 qui·

222 968 322 1056 dem,
342 970 381 1039 in
398 966 524 1066 figuris
543 966 752 1056 verborum,
769 994 801 1040 c.
813 968 876 1056 ab,
894 969 1068 1040 nominat.
1087 971 1199 1039 Porro
1217 974 1288 1040 He·

221 1094 418 1163 rennianus
432 1090 543 1162 habet
560 1096 793 1179 sententiam,
813 1096 875 1178 tv,
895 1117 949 1190 17,
962 1088 1185 1176 membrum,
1199 1093 1288 1162 arti·

222 1216 345 1288 culum
374 1240 403 1285 c.
435 1240 496 1311 19,
516 1216 853 1313 interpretationem
876 1240 906 1285 c.
930 1215 991 1300 28,
1015 1214 1287 1287 conclusionem

192 1422 197 1429 k
221 1365 252 1412 c.
272 1339 330 1411 30.
349 1346 455 1412 Hunc
473 1340 581 1435 igitur
599 1340 811 1428 Quintiliani
825 1339 945 1410 locum
964 1337 1079 1410 fateor
1098 1363 1287 1434 argumen-

139 1491 143 1499 ·
219 1478 298 1534 tum
310 1464 436 1535 ceteris
452 1462 623 1533 omnibns
636 1462 752 1534 multo
766 1463 961 1561 speciosius
973 1461 1131 1558 praebere
1144 1464 1202 1547 iis,
1220 1463 1285 1558 qui

220 1588 505 1677 Quintilianum,
531 1585 595 1657 ubi
613 1584 846 1657 Cornificium
865 1585 1080 1671 laudaverit,
1098 1601 1285 1656 auctorem

221 1710 395 1782 librorum
410 1710 456 1781 ad
473 1712 696 1782 Herennium
716 1709 935 1808 significasse
950 1710 1187 1783 contendunt.

267 1839 423 1931 «Neque
438 1848 557 1903 tamen
575 1833 650 1905 haec
671 1835 794 1903 omnia
811 1832 1043 1905 Cornificium
1065 1858 1142 1905 esse
1160 1856 1287 1905 verum

219 1957 397 2029 librorum
416 1955 461 2026 ad
483 1956 708 2026 Herennium
731 1970 916 2027 auctorem
945 1956 1204 2027 demonstrant.
1226 1960 1287 2027 Et·

220 2084 316 2154 enim
346 2081 591 2173 Quintilianus
624 2105 698 2151 non
731 2082 852 2152 minus
889 2106 1006 2152 errare
1040 2082 1183 2178 potuit,
1220 2081 1287 2153 hos

219 2206 333 2278 libros
350 2204 545 2277 Cornificio
568 2204 750 2289 tribuens,
785 2230 894 2301 quam
919 2206 1119 2275 Priscianus
1140 2228 1202 2275 eos
1225 2208 1285 2275 Ci-

218 2332 341 2401 ceroni
362 2331 565 2427 assignans3
595 2355 642 2401 ne
662 2328 751 2400 illud
773 2330 997 2401 ambitiosius
1016 2354 1183 2427 urgeam,
1205 2330 1285 2401 loca

219 2454 278 2524 illa
296 2452 529 2542 Quintiliani,
557 2454 595 2522 in
624 2451 758 2548 quibus
783 2452 1017 2525 Cornificium
1049 2452 1187 2538 laudat,
1217 2455 1284 2523 etsi

216 2576 454 2677 probabiliter
475 2575 520 2646 ad
543 2575 654 2647 libros
680 2576 725 2646 ad
752 2578 974 2649 Herennium
994 2577 1087 2648 trahi
1113 2591 1282 2674 possunt,

217 2715 429 2772 nontamen
449 2698 642 2771 excludere
658 2726 804 2773 omnem
823 2699 1013 2771 dubitandi
1034 2702 1233 2787 rationem,
1252 2704 1282 2771 si

216 2826 415 2923 cogitemus
432 2822 512 2894 fieri
527 2826 705 2921 potuisse,
720 2840 761 2896 ut
775 2823 957 2896 Cornificii
973 2822 1066 2895 liber
1080 2848 1162 2895 cum
1178 2822 1281 2895 libris

216 2949 261 3021 ad
275 2948 499 3019 Herennium
515 2946 677 3019 eamdem
690 2947 739 3019 ob
754 2972 914 3034 causam,
935 2974 979 3020 ex
993 2974 1063 3045 qua
1084 2946 1281 3019 similitudo

214 3076 308 3145 inter
320 3073 591 3143 Herennianum
610 3086 645 3142 et
657 3074 868 3143 Ciceronem
880 3070 925 3143 de
939 3072 1152 3144 Inventione
1166 3072 1280 3158 fluxit,

215 3198 336 3270 multis
355 3195 444 3267 locis
463 3197 685 3268 conveniret.

260 3351 277 3385 a
286 3325 455 3393 Ceterum
467 3332 650 3389 auctorem
664 3316 841 3391 librorum
854 3318 898 3389 ad
912 3318 1195 3390 Herenniumvel
1208 3321 1279 3416 pri·

213 3470 313 3517 mum
335 3443 519 3525 omnium,
544 3444 609 3537 qni
636 3445 730 3513 inter
750 3445 896 3514 Latinos
921 3458 1033 3514 artem
1060 3442 1275 3514 rhetoricam

212 3569 420 3667 scripserint
434 3567 540 3663 (post
548 3568 596 3635 Μ.
614 3570 787 3637 Catonem
800 3567 932 3637 scilicet
945 3581 982 3637 et
993 3570 1041 3636 Μ.
1062 3567 1276 3647 Antonium,

210 3715 369 3791 quorum
388 3689 463 3774 ille,
477 3704 519 3759 ut
532 3690 582 3759 ait
592 3689 743 3778 Quintil.
758 3693 825 3773 ΙΙΙ,
848 3716 878 3774 1,
900 3715 959 3787 19,
975 3690 1095 3786 aliqua
1113 3704 1274 3773 tantum,

211 3819 268 3889 hic
291 3811 540 3912 imperfectum
562 3837 654 3911 opus
679 3814 914 3912 scripserat),
941 3814 997 3884 vel
1020 3817 1114 3886 inter
1137 3817 1274 3913 primos

209 3941 335 4021 fuisse,
358 3938 429 4009 boc
454 3941 559 4007 etiam
587 3936 692 4010 nobis
716 3937 927 4036 persuadet,
946 3937 1044 4035 quod
1073 3963 1271 4035 numquam

210 4068 276 4136 nisi
299 4085 496 4159 graecorum
517 4060 562 4131 de
587 4077 662 4131 arte
686 4063 902 4159 scriptorum
925 4065 1146 4135 mentionem
1171 4060 1273 4149 facit,
