2610 5258
186 360 239 431 ΙΝ
264 361 426 429 LIBROS
451 361 514 427 AD
539 360 578 428 C.
606 354 893 425 HERENNIUM.
1015 376 1077 424 1111

10 496 157 567 tilianus
175 496 253 592 ipse
276 519 351 565 non
376 516 490 591 pauca
513 492 559 564 de
585 505 661 562 arte
686 489 876 562 Rhetorica
896 489 1078 586 scripsisse

10 617 126 691 dicit?

61 742 242 833 «Quintil.
260 747 326 831 IX,
340 743 381 832 3,
398 768 439 841 91
461 770 470 813 ε
490 743 691 837 «Quadam
713 742 864 814 omnino
890 763 965 809 non
994 752 1080 811 sunt

21 864 154 964 ligure,
168 869 263 937 sicut
281 867 393 954 ordo,
411 868 672 957 dinumeratio,
691 865 991 964 circumscriptio;
1008 865 1081 935 sive

27 988 93 1059 hoc
116 990 264 1062 nomine
288 990 513 1089 significatur
533 992 793 1092 comprehensa
821 989 977 1061 breviter
1001 1012 1082 1059 sen·

34 1114 147 1200 tentia,
178 1116 253 1185 sive
280 1113 409 1189 finitio.
441 1120 532 1189 Nam
565 1132 602 1189 et
630 1116 706 1187 haec
729 1112 945 1186 Cornificius
974 1127 1083 1209 atque

41 1235 177 1306 Rutilius
197 1236 379 1310 schemata
394 1238 503 1323 λέξεως
525 1254 695 1340 putant».
726 1244 835 1311 Recte
858 1237 1085 1336 Spaldingius

10 1406 12 1413 -
46 1355 87 1427 his
104 1357 218 1430 verbis
246 1360 485 1458 (pronomine
515 1363 594 1436 haee
624 1378 765 1434 tantum
793 1361 837 1432 ad
870 1358 977 1432 verba
1005 1385 1084 1456 quae

50 1482 186 1577 pmxime
206 1484 412 1580 praecedunt
430 1486 573 1582 relato),
596 1486 861 1579 Quintilianum
883 1483 953 1555 hoc
974 1484 1084 1580 signi-

51 1599 131 1675 ficare
150 1607 345 1695 existimat,
366 1616 579 1680 sententiam
599 1623 635 1680 et
654 1608 895 1703 definitionem
916 1631 937 1677 a
956 1606 1085 1677 Corni-

52 1723 112 1798 licio
131 1744 165 1800 et
192 1731 328 1802 Rutilio
350 1735 444 1803 inter
464 1732 597 1831 figuras
621 1732 819 1805 verborum
842 1731 970 1803 relatas
996 1755 1084 1802 esse.

55 1848 142 1947 ldque
162 1850 298 1924 lactum
318 1869 371 1925 est
390 1854 436 1926 ah
456 1871 604 1927 auctore
623 1855 668 1927 ad
686 1861 843 1927 Herenn.
863 1859 923 1940 IV,
950 1880 1005 1951 17,
1025 1852 1087 1936 25,

56 1972 127 2045 unde
141 1990 261 2046 tamen
276 2002 351 2046 non
371 1980 545 2075 sequitur,
564 2004 646 2051 eum
663 2002 739 2049 esse
756 1976 1009 2060 Cornificium,
1028 1990 1089 2047 aut

56 2097 292 2186 Quintilianum
314 2101 359 2172 ad
381 2106 446 2173 ista
468 2105 686 2175 Herenniani
707 2107 822 2199 capita
852 2102 886 2172 h.
918 2101 941 2171 l.
968 2126 1090 2198 respe-

59 2222 133 2295 xisse.
154 2230 244 2296 Nam
259 2231 288 2297 si
302 2228 515 2299 Cornificius
535 2229 742 2326 proprium,
764 2240 804 2296 ut
821 2249 887 2295 nos
903 2239 1089 2322 putamus,

60 2334 162 2419 librum
180 2350 226 2421 de
241 2348 366 2447 figuris
386 2354 608 2449 composuit,
626 2356 745 2449 potuit
762 2375 848 2421 sane
867 2347 997 2421 eodem
1011 2374 1090 2421 mo·

61 2465 107 2555 do,
135 2498 208 2569 quo
242 2475 415 2559 Rutilius,
450 2477 669 2546 Herenniani
705 2474 871 2571 exemplo
903 2474 1093 2557 inductus,

61 2604 236 2668 serzenatem
258 2613 295 2668 et
319 2599 564 2700 definitionem
587 2599 680 2670 inter
705 2597 885 2669 schemata
904 2594 1012 2680 λέξεως
1038 2622 1093 2667 re·

61 2736 161 2814 erpere.

92 2844 261 2933 «Quintil.
280 2850 345 2930 IX,
365 2853 405 2934 4,
423 2848 470 2946 98
490 2876 497 2917 :
521 2847 680 2944 «Adjicit
699 2848 753 2919 his
772 2843 924 2944 (figuris)
937 2846 1096 2917 Caecilius

61 2970 227 3063 περίφρασιν,
258 2968 304 3040 tle
324 2995 397 3066 qua
416 2969 499 3041 dixi.
521 2970 736 3042 Cornificius
757 2970 1096 3065 interrogationem,

60 3089 363 3179 ratiocinationem,
382 3092 658 3189 subjectionem,
676 3095 963 3177 translationem,
980 3091 1098 3164 occul·

60 3214 226 3304 tationem;
258 3230 432 3313 praeterea
459 3221 690 3305 sententiam,
714 3214 935 3299 membrum,
967 3215 1099 3286 articu-

58 3332 135 3423 lum,
148 3341 507 3437 interpretationem,
526 3340 816 3426 conclusionem,
832 3363 989 3437 quorum
1006 3342 1101 3437 prio·

57 3482 86 3529 ra
96 3462 239 3534 alterius
253 3466 392 3561 generis
405 3481 489 3535 sunt
505 3466 703 3554 schemata,
721 3466 908 3562 sequentia
922 3465 1103 3536 schemata

53 3586 191 3656 omnino
208 3612 284 3657 nun
299 3601 384 3658 sunt
394 3619 421 3657 n.
435 3592 683 3660 Herennianus
701 3590 825 3685 utique
835 3591 872 3658 in
885 3587 1009 3685 figuris
1024 3613 1101 3658 ver·

54 3704 173 3779 horum
191 3712 356 3781 nominat
369 3712 688 3809 interrogationem
707 3717 767 3798 lv,
785 3738 814 3784 c.
838 3710 898 3797 15,
916 3713 1105 3782 ratiocina-

54 3830 180 3903 tionem
218 3857 249 3904 c.
292 3833 353 3920 16,
386 3834 647 3930 subjectionem
679 3861 708 3907 c.
742 3841 806 3923 24,
837 3835 1106 3906 translationem

53 3978 81 4024 e.
92 3954 157 4042 34,
173 3956 453 4029 occultationem
466 3984 496 4029 c.
518 3985 576 4056 ²7·
592 3963 682 4031 Nam
699 3962 764 4031 etsi
775 3961 810 4030 in
825 3959 994 4031 omnihus
1008 3958 1107 4030 libris

52 4078 145 4176 apud
163 4083 446 4173 Herennianum,
465 4108 494 4154 c.
512 4110 568 4181 27,
581 4083 712 4182 legitur
729 4087 938 4185 occupatio,
961 4085 1110 4157 certissi-
