2670 4786
136 367 177 448 rt,
469 361 517 429 u.
543 361 581 427 r.
609 360 852 428 orcauouts

179 487 220 553 V.
259 489 287 553 Α
326 494 448 552 nostra
486 505 640 578 persona
686 479 966 552 benivolentiam
1006 483 1196 555 contrahe·

131 602 259 678 mus¹,
290 595 318 663 si
344 606 509 662 nostrum
539 589 698 661 officium
732 591 809 661 sine
839 594 1043 691 arrogantia
1074 592 1196 664 lauda·

130 705 275 790 bimus,
313 715 376 772 aut
423 705 461 770 in
500 699 790 797 rempublicam²
834 702 959 798 quales
999 701 1196 787 fuerimus,

132 829 194 886 aut
216 815 254 883 in
274 825 462 910 parentes,
478 815 593 882 autin
613 812 766 900 amicos,
784 826 846 883 aut
867 816 903 883 in
924 838 987 885 eos
1003 815 1118 911 ipsos,
1130 816 1196 912 qui

131 919 320 1008 audiunt³,
331 921 543 1009 referemus,
566 919 655 992 dum
673 920 750 993 haec
763 925 907 994 omnia⁴
926 922 972 995 ad
986 949 1065 995 eam
1083 926 1197 1021 ipsam

132 1059 208 1107 rem
218 1029 246 1120 ⁵,
275 1030 321 1102 de
348 1055 421 1127 qua
452 1032 589 1128 agitur,
635 1033 707 1102 siut
737 1033 1016 1105 accommodata.
1049 1039 1141 1105 Item
1171 1037 1199 1106 si

133 1158 257 1216 nostra
269 1140 498 1213 incommoda
510 1140 734 1239 proferemus
743 1197 754 1229 ,
763 1144 921 1242 inopiam
931 1143 1199 1233 ,solitudinem,

133 1255 387 1327 calamitatem:
416 1266 470 1338 et,
489 1253 518 1323 si
535 1249 752 1341 orabimus⁶,
767 1269 809 1323 ut
824 1252 931 1326 nobis
949 1255 1024 1326 sint
1039 1254 1198 1341 auxilio;

131 1362 238 1437 simui
255 1362 516 1448 ostendemust,
526 1387 594 1433 nos
607 1363 644 1432 iu
659 1362 735 1434 aliis
749 1387 851 1460 spem
862 1362 1022 1435 noluisse
1030 1362 1166 1435 habere
1173 1358 1198 1432 ⁸.

133 1473 189 1545 Ab
204 1471 488 1545 adversariorum
499 1496 654 1569 persona
668 1471 913 1544 benivolentia
929 1471 1152 1570 captabitur,
1171 1474 1200 1546 si

47 1668 53 1675 ⁶
134 1608 196 1655 eos
216 1586 253 1652 in
271 1580 417 1667 odium,
435 1581 473 1650 in
492 1580 678 1669 invidiam,
696 1582 733 1653 in
755 1585 1065 1681 contemptionem
1082 1585 1199 1657 addu-

134 1717 268 1765 cemus.
296 1697 341 1762 lu
363 1690 488 1761 odium
505 1691 707 1790 rapiemus,
727 1694 759 1764 si
777 1693 879 1790 quod
897 1717 1026 1766 eorum
1046 1719 1200 1791 spurce,

134 1800 308 1902 superbe,
320 1798 528 1898 perfidiose,
538 1798 741 1889 crudeliter,
755 1802 996 1891 confidenter,
1012 1804 1200 1888 malitiose,

133 1913 308 2010 flagitiose
326 1909 459 1981 iactum
479 1908 715 2007 proferemus.
735 1916 777 1982 ln
799 1912 973 1985 invidiam
997 1913 1200 1995 trahemus,

136 2027 165 2096 si
183 2025 277 2109 vim,
295 2023 325 2092 si
340 2022 556 2118 potentiam,
572 2019 782 2109 factionem,
798 2021 960 2112 divitias,
974 2024 1199 2096 incontinen-

137 2214 244 2269 qustuor
254 2200 332 2250 modt's
340 2200 483 2266 poterimus.
498 2200 539 2248 Sic
556 2216 570 2248 e
588 2198 644 2249 cod.
727 2203 751 2251 3.
762 2201 810 2264 Qui
820 2203 940 2264 audiunt,
956 2205 1093 2270 restuinus.
1103 2202 1201 2253 Sehdts.

136 2285 202 2346 Aug.
223 2281 405 2345 rescripsimus,
427 2279 526 2342 inquit;
551 2295 646 2343 semper
690 2280 734 2346 qss‘
746 2280 1202 2347 audieret.li.e.inquit,judices.its·

136 2361 201 2410 enim
218 2370 304 2408 tumor
324 2359 364 2406 hic
385 2361 461 2407 utitur
478 2357 561 2406 futuro
583 2367 646 2405 teut-
690 2361 788 2423 querci
803 2360 1005 2426 hocsrgumento
1020 2371 1103 2427 petet,
1116 2360 1201 2411 lectio·

136 2437 497 2506 pore.-Abadversariorum,
507 2437 647 2484 obaudito-
691 2456 747 2488 nent
760 2450 815 2487 ente
833 2442 974 2502 Gavium,
989 2456 1039 2504 qus
1055 2439 1200 2499 addebatur,

136 2535 192 2566 rum
206 2532 327 2582 persona,
343 2527 368 2564 et
385 2532 402 2563 a
417 2515 488 2564 rebus
503 2514 566 2579 iotis·
584 2516 648 2564 «Ab
693 2518 752 2566 «rel
771 2535 870 2582 omnes,
881 2519 922 2567 rel
936 2520 1060 2584 sitque-2,
1073 2519 1200 2570 delendus

137 2595 330 2646 sdverssriorurn
346 2611 449 2659 persom
463 2605 488 2642 et
504 2593 536 2642 sir
553 2594 648 2642 audito-
691 2614 750 2647 esse,
763 2625 798 2635 -
812 2598 920 2647 Additur
933 2599 1032 2662 aliquid
1042 2610 1098 2647 ,ηις
1111 2597 1201 2665 „sm

138 2693 192 2725 rum
211 2685 236 2723 st
256 2691 271 2722 ι
289 2674 361 2722 rebus
379 2674 459 2738 ipsit·
476 2672 599 2721 eti-Med·
613 2700 648 2711 -
692 2693 745 2725 mus
763 2679 808 2727 MS
823 2689 848 2726 et
864 2678 921 2727 edd.
948 2688 1024 2739 ιω.
1042 2679 1110 2727 Med.
1130 2681 1201 2728 Jnnt.

138 2753 345 2805 Autosudorum,
363 2754 507 2801 Nostrorum
530 2751 648 2812 adjiciunt
692 2755 750 2806 ΔΜ.
759 2757 798 2805 ed.
808 2757 878 2807 Med.
889 2759 965 2821 “09⁸2
975 2757 1014 2806 sd.
1026 2757 1102 2819 1476,
1111 2770 1137 2806 et
1144 2757 1201 2807 cod.

139 2852 184 2883 sex
198 2832 271 2882 codd.
284 2831 398 2880 Oudeud.
412 2831 455 2895 qni
469 2830 495 2878 id
512 2831 564 2880 sine
577 2847 648 2880 causa
692 2837 757 2900 Aug.

140 2913 239 2979 probet·
253 2913 312 2960 aes.
729 2913 753 2963 4.
778 2909 843 2955 Dum
872 2905 926 2955 dees
951 2906 1042 2955 omnia.
1065 2909 1200 2957 Dummodo

175 2995 208 3040 V.
233 3008 257 3041 1.
277 2991 385 3039 Benivol.
406 2989 584 3040 commodemus.
607 2991 649 3038 Be·
691 2985 800 3051 prebent
811 2984 869 3036 Ald.
885 2997 909 3034 et
922 2985 954 3034 ei.
967 2986 1025 3034 edd.
1040 2988 1136 3035 Ernesti
1149 2989 1200 3037 edi·

138 3072 311 3152 chicitemntin
321 3073 365 3121 MS
374 3071 467 3121 invenit
475 3087 649 3136 comparemus,
692 3066 728 3114 dit
744 3065 801 3114 dum
819 3083 833 3113 e
854 3067 918 3115 MSS
936 3075 961 3113 et
981 3065 1038 3114 edd.
1061 3076 1119 3114 vett.
1143 3067 1201 3116 edit.

138 3152 203 3201 unde
228 3153 311 3203 somn
341 3151 535 3214 comparabimus
561 3151 649 3214 aliquis
694 3152 778 3206 ιω,
792 3145 902 3195 Ιυιιῐίιιε.

139 3232 281 3297 presulem.
316 3232 434 3279 Gruterus
459 3229 647 3294 suspicabatur,
729 3227 754 3275 5.
778 3225 822 3274 Ad
846 3240 905 3274 eam
927 3224 1004 3288 ipsam
1022 3240 1080 3271 rem.
1100 3223 1199 3275 Schiits.

141 3332 153 3353 ι
163 3309 352 3359 benivolentiam
371 3309 542 3357 contrahemus
551 3330 563 3348 a
582 3325 596 3356 s
616 3307 648 3355 li·
692 3303 757 3353 delet
773 3304 863 3369 ipsam,
873 3316 900 3353 ut
910 3320 1099 3369 supervacuum,
1111 3305 1201 3370 etquis

139 3389 225 3437 brariis
243 3388 352 3437 additum
378 3404 438 3436 esse.
459 3387 507 3434 Sed
528 3386 649 3449 ejusmodi
693 3383 767 3433 modo
779 3396 932 3449 precesserat
943 3385 1014 3448 ipsos.

139 3467 331 3532 breviloquentia
338 3466 472 3515 absuctore
478 3477 565 3515 nostro
571 3467 648 3516 sliena
728 3464 753 3513 6.
766 3464 811 3526 tte,
826 3462 848 3510 si
862 3462 993 3512 orabimus.
1004 3462 1153 3528 augebimus
1163 3463 1203 3513 ed.

139 3557 186 3597 est.
200 3547 273 3594 Amet
287 3545 370 3609 potius
384 3544 540 3592 variationem
556 3547 581 3592 in
596 3563 651 3593 rer·
696 3544 772 3605 1476.
834 3574 843 3592 .

139 3627 191 3687 bis,
209 3637 238 3676 ut
249 3636 332 3690 postes
346 3640 354 3674 s
367 3647 381 3667 α
390 3623 554 3672 benivolentia
568 3636 649 3689 capta·
730 3640 754 3684 ⁷·
771 3621 849 3669 susat
868 3620 1027 3669 ostendemus.
1054 3642 1067 3662 ι
1080 3622 1110 3667 Et
1131 3620 1204 3668 simul

139 3706 216 3755 bitur.
228 3739 234 3752 .
245 3740 252 3755 .
267 3704 424 3769 colligetur..
439 3705 497 3752 Seu.
694 3700 847 3750 ostendemus
855 3722 868 3741 ·
879 3701 942 3748 MSS
953 3697 1021 3748 Ond.
1030 3699 1069 3748 ed.
1079 3699 1138 3748 ΑΜ.
1150 3722 1163 3742 α
1173 3702 1203 3749 Et

175 3802 200 3832 a.
224 3786 277 3831 Aut
299 3783 325 3831 iu
347 3783 528 3847 rempublicam.
550 3780 648 3830 Sciriits.
693 3781 714 3828 si
726 3780 798 3828 simul
811 3779 986 3828 ostendemus·
1005 3780 1062 3827 cod.
1083 3781 1148 3841 Aug.
1162 3778 1203 3827 ed.

139 3876 215 3927 atque
227 3865 252 3911 iu
266 3865 447 3928 rempublicam,
458 3864 497 3911 Sic
510 3863 542 3910 sd
555 3862 648 3911 ordinis
696 3863 771 3922 1476.
784 3881 797 3901 ι
807 3860 832 3906 Si
843 3860 915 3907 simul
926 3882 937 3904 ι
949 3860 989 3908 ed.
1000 3859 1067 3907 Med.
1082 3857 1156 3922 ¹⁴93·

138 3944 350 4007 perspicuitatem,
365 3944 457 4008 inquit,
471 3942 574 3990 scribere
588 3956 648 4005 prae·
729 3937 753 3988 8.
773 3940 823 3985 Nos
837 3939 861 3985 iu
875 3938 931 3986 aliis
951 3956 1016 4003 spem
1040 3937 1146 3985 rtolur'sse
1160 3936 1204 3984 lta-

139 4032 186 4069 stat
204 4040 218 4069 e
236 4021 291 4070 cod.
307 4024 403 4088 Gryph.
414 4022 482 4087 quod
492 4021 552 4085 sidit
568 4021 647 4068 Mich.
693 4020 753 4066 bere.
770 4040 781 4061 ι
794 4020 822 4065 in
840 4019 894 4066 aliis
908 4035 976 4082 spem
992 4034 1037 4067 uos
1055 4016 1144 4066 habere
1157 4033 1202 4064 no·

137 4101 234 4149 Brutus.
502 4126 506 4133 ·
692 4098 764 4146 luisse
774 4120 786 4139 n
799 4097 837 4145 cd.
855 4098 928 4159 1476.
