2610 5258
133 393 876 428 mommmswmmmmm
883 408 1160 430 mur-mutunus

348 623 895 732 ARGUMENTUM

208 865 233 932 e
261 864 472 933 seuumu
499 864 720 937 unruous
751 865 1046 936 assumemur,

111 1072 206 1132 Auctor
218 1074 254 1133 de
270 1075 422 1133 occasione
435 1087 465 1134 et
482 1074 604 1134 consilio
616 1073 764 1134 scribendi
783 1096 877 1155 pauca
891 1079 1028 1156 prefatus
1054 1078 1090 1158 (c.
1114 1080 1158 1160 ι),

142 1173 256 1246 primum
269 1174 398 1232 officium
410 1173 535 1231 oratoris
548 1173 636 1250 quale
648 1174 685 1232 sit
699 1173 893 1246 demonstrat,
907 1174 1013 1234 deiude
1027 1176 1159 1236 uincam

137 1287 226 1328 sarum
242 1291 348 1348 genera
363 1272 390 1328 ei
405 1271 556 1350 proposita
572 1270 688 1342 definit,
703 1271 978 1340 demonstrativum,
992 1272 1158 1332 deliberati·

135 1383 213 1440 rum,
235 1368 375 1445 judiciale
403 1389 411 1424 :
434 1367 540 1426 deinde
565 1367 705 1440 ostendit,
735 1369 766 1425 in
789 1382 907 1427 oratore
930 1389 992 1428 esse
1021 1386 1158 1449 oportere

132 1464 344 1534 inventionem,
370 1465 609 1544 dispositionem,
639 1466 852 1537 elocutionem,
877 1469 1066 1541 memoriam,
1086 1488 1158 1548 pro-

130 1563 357 1633 nuntiationem
372 1583 437 1640 quae
454 1562 503 1621 itte
528 1561 621 1620 tribus
648 1560 735 1620 rebus
752 1560 973 1640 assequebatur,
991 1578 1069 1638 arte,
1091 1567 1157 1624 imi-

128 1663 253 1729 tatione,
273 1660 497 1728 exercitatione,
513 1676 620 1738 capa.

169 1763 230 1816 lam
244 1758 371 1836 primum
387 1756 425 1815 de
440 1755 606 1816 inventione
621 1757 697 1834 agit,
718 1775 784 1835 quae
796 1756 825 1814 iu
838 1776 889 1815 sex
902 1769 1001 1836 partes
1014 1759 1154 1818 orationis

122 1856 314 1923 consumitur,
334 1853 504 1924 exordium,
515 1853 728 1925 narrationem,
751 1851 939 1926 divisionem,
955 1855 1154 1915 confirmatio-

124 1969 206 2019 nem,
220 1951 465 2023 consntatiouem,
481 1950 717 2021 conclusionem,
730 1970 794 2028 cap.
810 1950 838 2006 3.

166 2053 274 2107 Harum
288 2069 338 2106 sex
354 2047 482 2126 partium
497 2047 593 2124 primo
614 2047 681 2104 ioco
697 2045 849 2104 exordium
867 2061 1043 2124 pertractat,
1057 2050 1154 2127 quod,

123 2148 270 2219 praemissa
283 2145 482 2203 admonitione
495 2142 533 2200 de
544 2155 672 2221 quatrmr
684 2142 1008 2218 causarumlgeneribus,
1019 2144 1153 2218 honesto,

125 2241 333 2322 turpi,dubio,
346 2241 449 2299 hirmili
470 2239 545 2319 (cap.
562 2237 609 2319 4),
626 2237 768 2296 dividitur
780 2238 809 2296 in
824 2239 999 2318 principium
1016 2240 1091 2320 (cap.
1107 2242 1152 2320 5),

125 2352 156 2393 et
179 2340 399 2398 insinuationem
412 2337 489 2417 (cap.
504 2337 555 2414 6),
577 2350 607 2394 et
623 2335 773 2414 quomodo
795 2349 951 2414 utrumque
971 2339 1151 2397 tractandum

127 2434 185 2504 sit,
204 2436 336 2494 docetur.
353 2440 444 2505 Tum,
463 2432 582 2490 uberius
600 2432 732 2511 exposita
752 2432 886 2510 principii
904 2447 933 2490 et
950 2434 1151 2494 insinuationis

129 2527 300 2603 differentia,
315 2532 385 2589 vitia
399 2529 587 2588 exordiorum
600 2527 731 2587 breviter
743 2542 937 2601 recensentur,
952 2551 1015 2609 cap.
1025 2552 1054 2603 7.

168 2630 299 2706 Sequitur
314 2628 394 2685 locos
410 2625 446 2684 de
462 2626 641 2696 narratione,
652 2625 734 2703 cujus
751 2626 804 2682 tria
820 2610 926 2702 genera
939 2644 1150 2701 mernorantnr;

131 2723 259 2795 primum,
269 2744 331 2802 quo
347 2742 393 2781 res
407 2735 499 2800 gesta,
508 2720 544 2779 de
557 2741 616 2799 qua
631 2720 783 2797 injudicio
800 2722 905 2796 agitur,
919 2725 1092 2800 exponitur;
1107 2728 1151 2784 ai-

135 2821 313 2898 terum‚qnod
326 2821 492 2878 intercurrit
506 2836 723 2896 nonnumquam
735 2818 801 2876 fidei
816 2833 865 2876 aut
877 2820 1093 2895 criminationis,
1102 2838 1151 2881 aut

133 2914 184 2974 alia
195 2919 332 2994 ejusmodi
349 2938 453 2988 causa3
469 2917 585 2975 tertium
598 2935 615 2973 a
628 2935 715 2974 causa
729 2915 807 2973 civili
823 2931 975 2988 remotum,
991 2919 1072 2995 cnjus
1088 2919 1148 2977 duo

135 3025 193 3072 situt
206 3036 325 3093 genera,
338 3035 427 3072 unum
441 3013 520 3092 quod
535 3014 563 3069 in
578 3012 717 3089 negotiis,
739 3013 861 3070 aiterum
876 3014 954 3090 quod
972 3015 1000 3070 in
1017 3019 1148 3092 personis

136 3112 249 3180 positum
268 3126 322 3171 est.
348 3113 428 3168 illius
446 3125 503 3170 tres
523 3122 620 3188 partes
641 3123 847 3179 numerantur,
872 3109 984 3181 fabula,
1009 3112 1147 3185 historia,

137 3219 338 3282 argumentum,
351 3211 450 3287 capti.
461 3206 574 3266 Deinde
586 3219 643 3264 tres
656 3227 701 3264 res
716 3206 875 3264 narrationi
885 3211 1041 3267 convenire
1053 3227 1147 3270 osten·

138 3296 211 3376 ditur,
227 3317 258 3364 ut
272 3306 387 3377 brevis,
399 3317 431 3362 ut
444 3303 585 3374 dilucida,
603 3318 634 3361 ut
646 3303 810 3361 verisimilis
823 3303 874 3374 sit,
886 3324 989 3381 capp.

172 3403 272 3462 deinde
290 3404 387 3482 agitur
406 3402 443 3459 de
463 3402 617 3471 divisione,
628 3401 659 3458 in
675 3420 733 3478 qua
757 3400 882 3478 primum
902 3402 1008 3477 aperiri
1023 3400 1146 3471 debeat,

140 3497 194 3568 quid
211 3501 299 3558 actori
321 3520 387 3557 cnm
405 3498 575 3556 adversariis
589 3498 760 3567 conveniat,
782 3495 888 3555 deinde
907 3496 944 3554 ad
961 3497 1144 3558 distributio-

141 3608 188 3652 nem
207 3597 323 3669 accedi,
346 3616 412 3675 quae
429 3596 457 3652 in
478 3594 549 3652 duas
560 3607 659 3672 partes
672 3593 827 3666 dividitur,
848 3596 1093 3653 enumerationem
1116 3613 1145 3655 et

142 3695 349 3769 expositionem,
364 3713 428 3770 cap.
447 3712 490 3748 10.

168 3794 222 3847 Jam
243 3789 375 3869 procedit
394 3801 496 3846 auctor
516 3786 553 3844 nd
577 3786 823 3844 confirmationem
846 3789 1145 3862 etconsutationem3

138 3881 175 3941 ubi
188 3887 308 3963 primum
320 3886 416 3963 agitur
427 3883 463 3940 de
476 3880 631 3959 generibus
639 3883 888 3953 constitutionum,
907 3877 934 3938 1⁰
944 3883 1145 3960 conjecturali,

130 4003 181 4060 cap.
196 4005 225 4040 ιι
241 4007 249 4055 ;
267 3983 300 4040 2⁰
315 3983 456 4061 legitima,
470 3999 535 4058 quae
551 3981 580 4036 in
602 4001 651 4038 sex
668 3994 763 4057 partes
784 3980 941 4052 dividitur,
963 3983 1145 4062 scripturiret

128 4084 307 4155 sententiam,
331 4080 492 4141 contrarias
511 4080 606 4158 leges,
621 4077 802 4157 ambiguum,
823 4078 1034 4153 definitionem,
1052 4096 1147 4143 trans

973 4202 1001 4247 Ι.
