2610 5258
248 397 315 466 ΔΙ)
339 400 634 484 HERENNIUM,
659 405 793 474 LIBER
817 409 850 490 l,
871 410 905 491 d.
1068 431 1104 477 ιι

10 548 12 554 ·
76 511 328 590 adinventionis
345 522 521 593 rationem
539 524 913 616 accommodaremus,
937 526 983 600 de
1004 553 1110 602 exor-

10 673 14 679 -
73 622 118 693 dio
141 626 294 723 primum
324 628 520 703 dicendum
547 634 702 705 videtur.
729 636 809 732 (iv.)
835 640 951 709 Causa
978 644 1111 739 posita,

10 752 13 791 e
70 757 127 828 qino
139 737 362 812 commodius
376 742 535 814 exordiri
546 747 743 842 possimus,
759 770 873 843 genus
891 772 1006 821 cnusae
1021 776 1110 822 con·

10 866 13 902 ι
68 843 277 918 siderandum
297 865 353 922 est
369 861 413 922 ¹⁰.
441 858 585 926 Genera
609 880 796 928 canutum
822 873 907 930 sunt
931 877 1110 959 quatuor:

10 972 13 1012 ἑ
67 949 263 1047 honestum,
296 974 402 1060 turpe
417 971 466 1051 ¹¹,
506 963 681 1056 dubium,
718 965 867 1039 humile.
907 973 1111 1042 Honestum

10 1081 12 1122 ῑ
65 1087 158 1136 eansae
181 1091 297 1166 genus
323 1086 489 1170 putatur,
515 1100 630 1173 quum
661 1092 724 1147 aut
751 1074 829 1147 id¹²
861 1076 1112 1166 defendimus,

10 1204 13 1216 ·
65 1175 144 1271 qnod
168 1176 216 1249 ab
244 1180 456 1254 omnibus¹³
483 1182 753 1257 defendendum
786 1185 951 1276 videtur,
986 1186 1111 1260 antid

10 1303 13 1343 ι
64 1307 316 1385 oppugnemus,
341 1291 445 1391 quod
467 1293 514 1366 ab
539 1294 710 1367 omnibus
734 1294 880 1367 videtur
906 1299 1111 1395 oppugnari

10 1429 15 1450 ν
65 1392 175 1468 debere
194 1425 203 1467 :
225 1414 269 1470 ut
289 1426 359 1500 pro
382 1404 462 1475 viro
485 1402 572 1476 forti
590 1421 718 1477 contra
740 1406 967 1504 parricidam.
990 1411 1112 1505 Turpe

10 1524 15 1567 :
66 1526 156 1598 genus
172 1508 404 1606 intelligitur,
420 1538 537 1610 quum
555 1529 617 1586 aut
629 1515 782 1587 honesta
797 1541 854 1588 res
867 1531 1112 1616 oppugnatur,

67 1614 326 1690 antdesenditur
338 1625 466 1722 turpis.
479 1623 644 1696 Dubium
657 1650 771 1722 genus
788 1640 988 1724 est,quum
1001 1627 1113 1699 habet
1196 1646 1200 1664 ·

68 1725 132 1797 inse
146 1749 255 1799 causa
270 1744 308 1801 et
319 1730 519 1805 honestatis
532 1748 569 1805 et
582 1734 818 1832 turpitudinis
831 1739 1023 1833 partem¹⁴.
1037 1742 1112 1808 Hu-

10 1843 18 1871 ²
69 1835 128 1907 nile
143 1859 259 1933 genus
277 1855 349 1929 est,
369 1866 483 1939 quum
501 1858 709 1941 contempta
728 1868 786 1915 res
805 1842 965 1917 affertur.

14 1985 16 1988 ⁴
101 1951 149 2020 Ν.
183 1953 309 2041 Quum
343 1953 418 2024 haeo
450 1955 498 2024 ita
530 1957 627 2041 siut,
655 1957 848 2027 conveniet
879 1955 1111 2027 exordiorum

10 2079 19 2166 j
69 2065 218 2138 rationem
248 2061 295 2134 a'd
322 2087 435 2160 genus
462 2074 602 2135 (ιιιιιιιι
631 2064 906 2137 accommodari.
933 2066 1004 2160 (v.)
1042 2069 1112 2134 Ex-

10 2166 18 2259 ζ’
69 2173 229 2246 ordiorum
272 2172 347 2244 duo
379 2187 465 2244 sun't
501 2198 635 2271 genera
664 2200 672 2242 :
721 2176 968 2270 Principium,
1010 2173 1112 2272 quod

10 2311 15 2337 τ
67 2301 155 2372 mee
170 2282 332 2379 προοίμιον
350 2279 571 2378 appellatur,
590 2295 627 2352 et
650 2279 864 2367 insinuatio,
886 2290 983 2378 quae²
1004 2276 1112 2375 ἔφοδος
1136 2272 1139 2277 ’

93 2475 124 2509 ιι.
144 2459 354 2510 Considerandum
376 2470 421 2508 est·
445 2460 505 2510 nid.
522 2472 559 2508 ess
599 2476 647 2524 qus
655 2459 724 2508 abest
733 2459 762 2507 id
768 2470 824 2506 ente
832 2459 1111 2524 oppugnamessesdem

60 2539 262 2588 medeam
273 2542 333 2588 Son.
601 2539 643 2587 dat
656 2538 719 2603 quid
729 2555 776 2603 pro
786 2539 855 2603 quod
865 2549 921 2602 post
932 2554 1110 2604 oppugnamus.

10 2622 12 2629 '
92 2618 515 2684 ss.Yerpe.Nonestquodmireris
526 2618 557 2667 de
600 2617 1111 2676 -Abomnr'bus.Gnlielmiusethie,et

56 2697 114 2761 turpi
135 2714 221 2762 genere
248 2698 331 2747 dicere
356 2709 499 2757 auctorem
513 2698 558 2746 sed
600 2698 680 2747 stetim
700 2698 762 2745 infre
788 2696 878 2745 delevit
902 2697 1046 2746 voosbulum
1067 2697 1111 2758 ab,

54 2791 139 2825 nuos
155 2779 188 2825 sis
205 2777 324 2826 moduni
342 2776 496 2835 officiorum,
516 2778 558 2826 eui
600 2777 684 2824 nasio
703 2793 733 2824 nn
754 2777 872 2823 librorum
887 2778 973 2838 jussu:
992 2778 1066 2825 heret
1087 2776 1113 2824 id

51 2857 167 2921 sepeipsi
178 2856 277 2918 judiees
287 2857 449 2921 imperentur
462 2857 558 2905 scelesti
600 2871 658 2903 sens
675 2855 701 2902 in
721 2871 764 2902 sex
786 2855 861 2902 Pelet.
881 2867 906 2904 et
923 2867 1016 2905 vetuste
1033 2856 1114 2905 editis.

49 2934 152 2983 hominis
168 2952 265 2984 esuum
281 2935 401 2999 recipient
417 2951 451 2982 ee
466 2934 557 3003 effuse.
603 2935 688 2983 Gsur.

46 3039 81 3049 -
89 3012 167 3060 Sinde
177 3015 234 3062 Ins.
245 3015 267 3069 l,
277 3015 319 3070 15,
328 3028 379 3060 non
389 3024 504 3076 quatuor,
515 3012 557 3060 sed
640 3019 681 3068 rt.
705 3013 739 3059 Ile
757 3012 916 3077 turpitudinis
931 3025 1038 3078 perseus.
1054 3015 1113 3063 Seli.

42 3093 151 3156 quinique
167 3109 257 3157 genere
272 3108 398 3140 ausurum
414 3109 466 3141 esse
479 3093 556 3141 dicit:
602 3090 674 3139 lubet
685 3103 780 3154 partes.
794 3091 834 3138 Sic
847 3090 983 3148 edidimus,
993 3092 1084 3154 inquit,
1098 3109 1113 3140 e

42 3172 188 3231 Ιιοιιιιιιιιιι,
201 3171 344 3220 ndnirsbile
362 3171 441 3236 (quod
454 3172 494 3220 hic
508 3184 559 3220 tur·
603 3169 660 3218 eod.
683 3171 735 3218 Eri,
759 3181 785 3218 et
807 3171 871 3232 Aug.
894 3172 926 3217 Et
945 3170 995 3230 jem
1019 3170 1112 3234 placuit

40 3240 107 3317 pe),
122 3251 229 3309 humile,
246 3267 337 3316 anceps
353 3250 443 3315 (quod
456 3251 497 3298 hio
511 3251 558 3299 du·
603 3250 713 3298 Gssevio.

39 3332 145 3393 bium),
154 3343 271 3394 preterea
284 3330 425 3380 obscurum.
435 3332 556 3378 Wnrusn.
638 3329 683 3374 lv.
697 3343 720 3376 ι.
732 3325 806 3389 Adg.
816 3340 906 3374 causa.
918 3347 931 3367 ι
939 3325 980 3374 sd
991 3341 1063 3374 omne
1073 3342 1115 3390 ge·

80 3425 124 3457 ss.
140 3410 219 3473 Quum
229 3420 274 3457 aut
288 3408 317 3457 id
328 3407 491 3466 defendimus.
500 3408 559 3456 Selr.
602 3423 648 3455 nus
655 3422 750 3453 seusu·
760 3404 884 3454 Musca.
894 3404 1023 3452 -Sieed
1036 3408 1112 3465 ¹⁴7⁶·

39 3515 52 3532 ι
61 3503 142 3552 quum
152 3499 196 3537 sut
209 3487 362 3536 defendimus
374 3487 401 3535 id
410 3509 432 3534 ι.
443 3487 484 3534 Sic
497 3486 556 3537 eod.
638 3502 664 3533 n.
676 3487 736 3548 Qua
749 3478 846 3549 leudos.
867 3483 956 3532 Maluit
969 3483 1114 3533 Gulielmius

38 3569 93 3618 Eri.
108 3567 299 3630 inquinatum
310 3567 471 3616 eoneiuuioss
484 3582 558 3629 quem
603 3559 708 3634 ἐπῳδὸς,
720 3573 748 3612 ut
770 3563 851 3610 latinis
874 3579 1012 3628 expressere
1036 3563 1112 3611 literis

39 3659 69 3696 ut
84 3645 172 3708 vulgo.
602 3641 892 3704 duontssiijus,es1³att.
903 3658 996 3689 omnes.
1003 3641 1111 3690 melano

78 3727 123 3774 13.
137 3722 251 3787 Quodab
260 3722 423 3772 omnimo.
432 3738 458 3770 a.
467 3723 485 3770 i.
495 3739 519 3772 ο.
531 3741 558 3788 q.
602 3734 661 3771 tune
680 3723 752 3771 ducta
772 3732 834 3769 esset
853 3719 884 3768 sb
908 3720 1114 3768 incantationibus

39 3824 65 3855 ι.
76 3822 103 3853 u.
112 3803 391 3867 mopmnaridedere.
402 3803 500 3851 Gruter.
514 3802 560 3851 «id
602 3802 702 3850 morbos
715 3799 874 3866 pellentibus,
887 3816 989 3863 querum
1003 3800 1113 3848 meminit

40 3882 199 3934 defendimus
209 3882 278 3946 quod
289 3883 321 3930 sb
334 3882 449 3930 omuibus
463 3884 560 3931 videtur
603 3883 710 3930 Suidns:
726 3893 848 3943 tsmqnsm
864 3879 905 3925 hic
918 3894 1017 3941 qnoque
1030 3878 1113 3926 rheto-

41 3961 184 4029 oppuguari
209 3960 297 4008 debere
311 3983 340 4018 ι,
364 3960 449 4008 deletis
474 3963 560 4009 ueteris
604 3977 642 4007 res
655 3961 749 4024 magico
762 3959 831 4022 qussi
844 3955 947 4004 artificio
960 3974 1056 4004 aversos
1070 3959 1116 4006 ho·

42 4041 138 4090 serbis.
151 4063 165 4082 ι
175 4041 321 4105 Oppugnuri
335 4040 432 4088 videtur
440 4041 528 4088 debere
538 4061 559 4098 s,
604 4042 696 4087 minum
714 4040 808 4086 animos
822 4038 854 4085 sd
873 4054 898 4084 se
915 4036 1049 4086 allicerent.
1069 4040 1117 4086 Sed

42 4121 99 4170 eod.
116 4120 183 4183 Aug.
200 4119 240 4168 ed.
255 4119 322 4168 nied.
344 4130 370 4167 et
382 4120 421 4166 ed.
440 4121 522 4181 1476,
534 4121 559 4167 in
604 4120 702 4183 longius
711 4120 813 4182 petitum
826 4117 931 4167 videtur.
943 4117 1029 4163 Gsnr.
