2610 5258
121 873 167 944 ιι
456 872 505 939 u.
533 869 851 941 iocinoris
880 956 885 963 ¹

122 993 246 1081 tabiit,
267 992 449 1091 quaesiisse
473 989 677 1092 videamur,
694 992 724 1064 si
745 992 846 1091 prius
867 1015 983 1091 pauca
1000 990 1071 1093 det

121 1129 205 1175 rum
224 1101 400 1174 divisione
421 1099 630 1175 dixerimus.

172 1217 370 1286 Causarum
392 1211 521 1289 divisio
536 1211 679 1284 induas
694 1226 813 1311 partes
827 1210 1021 1286 distributa
1038 1237 1071 1286 er

123 1347 224 1396 mum
255 1324 353 1396 enim
381 1311 569 1422 perorata⁵
595 1325 800 1395 narratione
827 1321 1004 1395 debemus
1032 1348 1071 1424 af

124 1433 214 1533 quid
235 1431 342 1506 nobis
357 1434 549 1520 conveniat
567 1457 650 1506 cum
667 1431 876 1506 adversariis
882 1428 910 1520 ⁶,
929 1448 967 1507 et
981 1436 1012 1506 si
1028 1460 1071 1508 ea

125 1543 231 1616 nobis
255 1542 358 1615 utilia
380 1557 505 1628 erunt,
525 1543 759 1629 convenient,
780 1541 871 1640 quid
889 1543 927 1613 in
946 1557 1071 1616 contro

124 1653 365 1751 relinquatur,
378 1650 450 1724 hoc
468 1650 581 1725 modo
593 1679 602 1722 ε
616 1681 633 1719 α
645 1648 875 1741 Interiectam
888 1674 966 1727 erse
978 1669 1071 1727 matr

125 1767 269 1850 Oreste,
285 1763 457 1835 convenit
474 1760 565 1834 mihi
582 1785 664 1835 cum
690 1759 902 1835 adversariis
923 1788 932 1833 :
947 1762 1071 1859 jurene

125 1873 173 1943 rit
187 1883 216 1960 7,
231 1886 268 1943 et
280 1871 468 1944 licueritne
483 1869 619 1959 facere,
632 1869 669 1942 id
683 1885 738 1943 est
752 1871 791 1942 in
808 1875 1071 1947 controversiae

125 2007 147 2055 e
161 1975 363 2071 contrario,
373 1984 709 2080 «Agamemnonem
726 2005 804 2054 esse
816 1982 1071 2081 aClytaemnest

128 2093 243 2165 cisum
259 2090 501 2165 confitentur:
524 2115 640 2191 quum
656 2091 695 2163 id
709 2096 758 2165 ita
776 2094 841 2180 sit,
855 2118 914 2167 me
928 2095 1052 2168 ulcisci
1069 2123 1071 2192 j

126 2192 219 2272 tem⁸
227 2216 362 2300 negant
376 2206 612 2302 oportuisse».
624 2201 764 2274 Deinde
776 2227 891 2300 quum
905 2204 978 2277 hoc
993 2203 1071 2278 feoe:

127 2310 383 2383 distributione
394 2313 447 2383 uti
461 2310 648 2384 debemus.
663 2317 713 2383 Ea
727 2311 897 2385 dividitur
908 2314 947 2385 in
960 2313 1071 2415 duas]

130 2424 439 2495 enumerationem
464 2437 502 2494 et
523 2423 796 2523 expositionem.
815 2427 1071 2499 Enumeration

91 2565 94 2569 ·
129 2556 231 2620 mur,
248 2556 362 2630 quum
383 2529 546 2603 dicemus
566 2558 737 2622 numero,
761 2549 853 2633 quot
866 2534 912 2607 de
931 2535 1041 2608 rebus
1063 2564 1071 2609 t

130 2643 274 2730 simus9.
289 2648 378 2715 Eam
392 2642 472 2743 plus
486 2667 596 2740 quam
613 2645 721 2715 trium
737 2645 891 2742 partium
908 2669 1064 2718 numero

129 2878 175 2912 rm
190 2860 315 2914 industrie.
333 2865 363 2911 ln
382 2862 424 2915 ed.
441 2873 523 2927 1454,
543 2864 587 2913 ubi
604 2875 641 2914 eet
685 2865 761 2925 Cujus
775 2865 942 2915 auctet-luten
959 2865 1059 2918 Schiite.

129 2941 272 3002 industria,
287 2941 515 3003 edditurrtudr'ose,
526 2944 596 3008 quod
605 2954 641 2993 eet
684 2947 804 2994 Gruterus
813 2947 894 2994 omisit
905 2959 937 2995 et.
951 2949 980 2994 ln
994 2947 1036 2996 ed.
1048 2949 1071 2996 tl

131 3021 251 3086 gloeeeme
273 3020 343 3069 verbi
364 3021 502 3083 industrie,
525 3021 593 3087 quod
615 3024 641 3071 iu
685 3034 710 3071 et
736 3024 796 3073 edit.
818 3028 884 3085 1426
903 3027 937 3073 ric
962 3025 1057 3089 phrasis

129 3111 223 3150 textum
239 3101 348 3166 ineptit.
358 3100 523 3150 -Indurtrr'e
534 3118 642 3167 quarere
686 3104 841 3153 -conveniat
853 3120 908 3152 cum
922 3103 1067 3154 adversariis

128 3191 165 3229 eet
174 3194 260 3244 magne
270 3195 329 3229 cure
338 3195 476 3245 magnoque
484 3180 568 3230 lrbcre
577 3197 642 3245 qute-
685 3184 711 3230 iu
723 3181 886 3231 controversia
901 3182 1061 3246 relinquetur,

128 3275 191 3309 rere.
209 3260 250 3308 Sic
262 3259 314 3310 Cic.
328 3275 375 3324 pro
389 3261 463 3310 Dour.
480 3277 503 3308 c.
520 3277 547 3309 ιι
561 3275 593 3310 :-
603 3261 641 3309 iu·
685 3260 757 3309 nobis
774 3261 841 3308 ntilie
862 3272 946 3320 eruut,
965 3263 1071 3311 conveni

129 3337 238 3388 doctriua
258 3355 287 3388 ec
305 3340 394 3405 sepius
415 3338 520 3388 scribere
531 3360 554 3390 ι.
573 3341 641 3389 Eun.
685 3339 781 3388 modo»
792 3354 799 3388 t
811 3341 857 3388 nisi
867 3340 936 3404 quod
944 3339 986 3390 ed.
1000 3342 1067 3403 1476

128 3443 164 3456 ·-
176 3416 277 3468 Schiim
288 3418 413 3468 industrie.
686 3420 809 3469 tmrerriie
824 3440 846 3468 ι.

165 3509 188 3558 t.
221 3501 300 3564 Quam
327 3499 365 3548 rei
387 3497 480 3548 utilitas
499 3498 641 3564 percelebri.
723 3497 1071 3563 7.lureneseeen't.SicMSS

129 3601 141 3625 ι
150 3585 212 3646 Qun
222 3596 260 3629 ree
275 3579 427 3645 poetulrbit·
440 3579 497 3627 cod.
507 3583 572 3643 Aug.
580 3581 640 3628 Scu.
685 3579 751 3644 lips.
760 3580 827 3629 Cort.
839 3579 878 3627 ed
891 3585 967 3647 1474·
976 3579 1016 3628 stc
1026 3581 1071 3628 enit

168 3661 194 3711 5.
207 3659 315 3709 Primum
326 3659 390 3708 eruin
399 3670 524 3724 perorata.
542 3656 639 3708 Schiitr.
684 3674 759 3723 quum
769 3673 820 3706 non
830 3657 938 3721 sequitur
946 3674 980 3705 an
991 3674 999 3705 r
1009 3669 1033 3706 et
1043 3657 1071 3705 lii

127 3741 192 3790 delet
203 3739 282 3798 enirn,
294 3738 361 3804 quod
370 3738 439 3788 ebert
448 3737 506 3788 cod.
519 3739 583 3802 Aug.
596 3737 637 3788 ed.
684 3760 696 3781 ι
706 3748 731 3786 et
742 3737 868 3786 licueritne
878 3759 900 3786 ι.
910 3740 975 3786 Eun.
984 3765 1019 3774 -—
1029 3737 1071 3786 Lr'e

127 3820 195 3870 Med.
218 3820 284 3883 1498
298 3828 323 3867 et
340 3817 381 3867 ed.
402 3820 480 3880 1476,
497 3827 523 3867 et
540 3819 637 3867 Gruter.
683 3818 747 3882 leges
756 3829 859 3866 nature.
873 3820 993 3867 Wrrrrr..

125 3897 637 3962 RetiuuitllrnestieMSSLipe.ed.1474
718 3898 744 3946 8.
775 3894 864 3944 Ulcirci
888 3908 1032 3961 parentare.
1058 3899 1071 3946 l

128 3991 154 4029 et
161 3982 231 4030 Junt.
241 4004 276 4017 -
284 3980 419 4035 Pernam,
432 3976 552 4026 absolute.
564 3975 638 4037 Quod
682 3975 750 4024 ebert
756 3987 893 4040 parentem.

128 4074 180 4108 uon
195 4058 247 4107 eine
261 4073 333 4105 crure
346 4057 430 4105 durius
443 4059 523 4105 Wetz.
542 4055 640 4104 videtur
719 4072 744 4118 9.
759 4057 824 4120 Quot
838 4055 868 4101 de
879 4055 949 4102 rebus
960 4054 1071 4103 dicturis

129 4136 307 4186 demutatione
317 4136 418 4185 dictum.
684 4151 815 4200 prosumus
823 4133 1071 4198 legendumessefacil

166 4217 191 4266 6.
205 4219 264 4267 cum
277 4215 435 4275 adversariis,
446 4224 471 4261 et
481 4212 505 4262 ti
514 4230 552 4263 ea.
566 4212 640 4276 Vulg.
685 4214 768 4264 sentit.
784 4215 852 4261 Eun.

130 4317 144 4338 κ
152 4297 284 4345 conveniat
294 4312 349 4345 cum
359 4294 508 4343 adversariis.
517 4295 548 4341 Et
557 4291 641 4342 sien».
724 4309 764 4341 ιο.
779 4294 841 4340 Eam
849 4291 907 4357 plus
922 4309 999 4357 quam
1011 4292 1071 4340 trinu

130 4378 166 4423 lte
185 4375 266 4424 addite
288 4376 376 4440 copule
397 4391 429 4421 ex
447 4373 553 4421 editione
574 4380 641 4433 ¹474
685 4389 786 4421 nurnero
799 4388 911 4420 essenon
923 4384 1026 4437 oportet.
1045 4374 1071 4420 Μ

133 4455 252 4514 conjunxi
270 4471 326 4503 curn
344 4453 517 4512 antecedente,
538 4468 643 4516 quocum
686 4465 711 4501 et
722 4452 778 4502 edd.
794 4460 860 4514 1474
875 4452 1025 4510 Omniboni,
1041 4453 1071 4499 M.

133 4535 268 4582 necessario
287 4534 401 4583 cohaeret.
422 4535 485 4584 Num
504 4531 643 4597 exemplum
687 4532 747 4582 neri.
761 4532 863 4580 Juntina
878 4548 936 4578 vero
948 4547 955 4581 :
969 4553 980 4573 ·
992 4548 1044 4581 eam
1058 4549 1071 4596 p

133 4612 269 4674 subiectum
284 4614 397 4662 convenit
411 4611 516 4677 utrique.
529 4614 595 4662 Eun.
609 4640 640 4650 -
688 4626 719 4662 rr.
729 4628 755 4678 p.
765 4629 791 4661 n.
801 4611 921 4660 contineri
931 4621 1063 4676 oportetn:
