2670 4786
267 389 330 457 au
355 334 646 473 namuurum,
669 389 804 457 niusa
828 390 861 473 1,
881 411 917 484 9.
1078 388 1123 461 ιι

172 510 293 571 Athenis
306 515 455 589 Megaram
468 511 583 589 vesperi
598 508 716 568 advenit
729 509 826 569 Simo:

175 602 236 665 Ubi
252 602 370 663 advenit
384 607 548 682 Megaram,
565 601 684 661 insidias
699 602 767 660 lecit
783 600 936 681 virgini¹⁰z

175 695 299 757 Insidias
312 707 464 774 postquam
481 694 564 768 iecit,
577 694 636 752 vim
651 693 682 751 in
695 693 791 752 loco¹¹
808 692 914 751 attulit.

60 859 144 927 Rern
171 851 327 925 dilucide
358 850 607 938 narrabimus,
631 851 678 938 si,
704 865 745 921 ut
776 850 940 949 quidque
966 854 1125 950 primurn

58 979 198 1066 gestum
212 966 302 1050 erit,
313 963 362 1034 ita
376 963 534 1061 primum
548 984 789 1058 exponemus,
800 977 838 1032 et
848 984 970 1033 rerum
981 985 1024 1033 ac
1037 976 1125 1033 tem-

58 1100 188 1176 porum
206 1074 372 1146 ordinem
386 1070 701 1160 conservabimus,
714 1086 756 1143 ut
771 1086 878 1169 gestae
895 1082 991 1143 res¹²
1006 1087 1125 1156 erunt,

57 1200 117 1259 aut
140 1200 184 1256 ιιι
201 1174 404 1282 potuisse¹³
427 1185 504 1279 geri
524 1179 756 1253 videbuntur.
778 1186 845 1253 Hic
868 1182 935 1253 erit
960 1183 1125 1283 conside·

59 1293 233 1381 randum,
248 1317 294 1365 nc
312 1291 402 1391 quid
420 1290 653 1391 perturbate,
667 1316 714 1364 ue
734 1290 824 1389 quid
837 1306 1004 1365 contorte
1015 1297 1060 1383 ¹⁴,
1078 1321 1126 1367 ne

61 1513 188 1578 ddaeeps,
202 1520 287 1575 estqns
297 1509 363 1558 idem
373 1507 441 1573 quod
458 1518 518 1556 ants
533 1507 571 1556 di·
614 1523 702 1573 pornm
715 1507 777 1558 ordo
789 1509 932 1567 servabitur,
944 1521 971 1558 ut
983 1510 1017 1559 ita
1030 1527 1129 1559 mrrsu·

61 1604 126 1643 etum
138 1602 177 1640 est
190 1590 278 1654 (velut
290 1606 361 1637 verm
375 1590 454 1653 primo
463 1587 488 1653 ),
501 1604 533 1635 ne
547 1598 572 1636 st
614 1598 662 1650 tur,
672 1599 700 1637 ut
708 1599 782 1653 gestae
791 1605 829 1636 res
837 1600 1010 1651 erunt,autnt
1019 1591 1128 1655 potuisse

61 1681 116 1738 post
133 1672 231 1720 dicatur
248 1667 338 1731 (versu
353 1666 461 1717 meando
469 1665 488 1732 )
505 1669 570 1716 liar.
614 1668 665 1731 geri
682 1667 860 1716 ridebuntur».
882 1669 939 1716 Tria
964 1669 1028 1718 enim
1055 1657 1127 1727 suist,

59 1776 91 1790 -
103 1748 204 1799 debrias.
217 1748 321 1796 scribit:
337 1769 350 1789 ι
359 1747 431 1796 ιιίιιιι
447 1745 568 1810 nequid,
613 1762 669 1810 quse
684 1745 724 1794 bic
737 1746 870 1796 dilucidam
878 1749 956 1796 facere
964 1750 1127 1798 narrationem

59 1831 127 1879 simul
145 1828 268 1889 diximus,
292 1827 407 1891 deinceps
426 1826 570 1875 dicamus».
614 1823 755 1876 dicuutur:
777 1827 897 1892 primum,
920 1839 960 1888 ιιι,
983 1845 1039 1892 qnss
1060 1829 1128 1894 prius

61 1909 178 1973 Vulgata,
195 1908 291 1970 inquit,
309 1922 354 1954 uec
371 1904 571 1954 antecedentibus
613 1903 676 1952 iacta
696 1915 768 1965 sunt,
788 1906 860 1953 stiam
882 1906 1024 1972 priusquam
1048 1918 1128 1956 cetera

60 1988 190 2045 convenit,
203 1985 261 2050 qnia
277 1984 343 2034 idem
359 1995 420 2034 saset
439 1995 512 2050 atque
528 1984 572 2043 id,
614 1985 1129 2049 memorentur3suntenim,quiabsventu
1165 2038 1167 2043 ,

63 2067 128 2132 quod
144 2066 223 2116 modo
242 2066 334 2114 dictum
352 2065 449 2114 luerat:
467 2080 521 2112 «ne
533 2063 573 2112 bis
615 2062 724 2112 secundo
736 2079 765 2111 sc
787 2065 859 2113 tertio
882 2064 1017 2128 incipiant,
1041 2064 1129 2113 deinde

64 2147 204 2212 sntstpius
214 2144 278 2193 ida·
288 2143 573 2204 dicamusquecexern-
615 2141 660 2201 id,
678 2141 747 2206 qnod
762 2142 843 2206 primo
861 2143 919 2190 loco
937 2143 1042 2202 accidit,
1060 2146 1128 2208 qnasi

66 2225 120 2289 plo,
140 2223 211 2290 qnod
225 2223 346 2289 sequitur,
362 2223 420 2271 satis
432 2220 571 2286 respondet.
617 2220 688 2270 obliti
702 2220 846 2285 suppleant:
867 2221 985 2282 alterum,
1002 2232 1030 2270 ιιι
1048 2239 1079 2271 ιιι
1091 2239 1130 2270 ιιι

64 2305 145 2371 ltaque
160 2305 312 2353 correximus
329 2318 381 2350 «ιιι
395 2301 455 2367 quid
470 2316 489 2350 s.
507 2300 533 2351 d.
546 2300 572 2349 d.
616 2316 673 2349 cum
691 2300 779 2359 rebus,
797 2312 840 2349 aut
859 2311 968 2365 tempora
988 2317 1043 2348 curn
1056 2301 1130 2350 rebus

64 2383 211 2444 dium»,
225 2381 331 2447 quodid
345 2380 425 2446 ipsum
439 2390 491 2439 est,
503 2378 573 2442 qnod
616 2379 686 2428 aliter
697 2379 887 2444 conjungamus,
896 2391 969 2444 atque
983 2381 1078 2445 inipso
1088 2397 1130 2429 ne·

63 2463 170 2528 sequenti
188 2459 304 2525 exemplo
319 2459 460 2509 illustratur.
477 2460 573 2522 Sapra,
617 2457 685 2522 gotio
701 2457 800 2506 luerunt
815 2460 960 2522 conjuncta;
975 2461 1090 2520 ιιιιίιιιιι,
1101 2470 1130 2509 nt

64 2542 128 2607 quod
137 2541 181 2590 bic
189 2549 274 2605 aptum
288 2553 339 2586 non
350 2548 398 2596 est,
412 2537 535 2586 omittitur
547 2536 574 2584 in
616 2537 712 2594 omnia,
728 2552 783 2601 qnoe
800 2536 830 2586 ad
848 2538 972 2602 negotium
991 2540 1129 2603 pertinent,

64 2621 135 2670 codd.
148 2617 283 2668 nonnullis.
298 2616 468 2666 Emendatioui
482 2627 574 2664 nom
616 2617 650 2664 ita
661 2617 803 2675 referamus,
811 2628 840 2665 nt
850 2633 887 2666 res
896 2619 968 2682 quasi
975 2629 1032 2667 ants
1042 2619 1131 2668 oculos

64 2699 125 2748 ieret
137 2699 194 2750 cte.
209 2697 240 2746 ds
254 2699 307 2746 lnr.
319 2699 347 2755 1,
362 2710 411 2745 so:
427 2717 439 2740 ι
450 2707 474 2745 ιι
487 2694 508 2743 si
522 2709 574 2742 uon
616 2697 756 2746 auditorum
763 2698 815 2761 geri
824 2697 944 2748 videatur.

65 2779 92 2828 ab
105 2794 152 2842 so,
162 2779 188 2825 in
202 2792 253 2842 qno
266 2777 377 2841 proxime
394 2774 499 2824 desitum
512 2774 574 2833 erit,
656 2777 695 2826 13.
709 2781 759 2825 Aut
771 2790 799 2825 ut
807 2777 924 2841 potuisse.
938 2778 1025 2827 Abest.
1046 2789 1074 2826 ut
1088 2777 1129 2829 ed.

65 2858 178 2923 deinceps
187 2855 351 2921 incipietur».
617 2855 686 2905 Med.
698 2858 765 2920 ¹⁴9⁸
779 2867 804 2905 ιι
814 2856 853 2906 ed.
866 2859 942 2919 1476.

100 2951 140 2986 to.
150 2933 256 2984 Insidias
260 2933 326 2999 secia
334 2932 434 2999 virgini.
444 2933 575 2983 Lambinus
628 2974 632 2980 .
657 2942 697 2990 ra.
719 2935 870 2983 Perturbats.
880 2969 905 2986 ..
931 2947 1049 2985 contorta.
1067 2936 1132 2984 Illud

66 3013 214 3063 ainsidiatur
232 3012 343 3076 virgini·
363 3023 448 3061 contra
469 3011 530 3062 Pell.
550 3023 576 3062 ιι
618 3012 650 3063 ad
659 3013 763 3078 priorem
777 3015 855 3079 legens
867 3016 983 3076 refertum
990 3017 1132 3080 pertrarbate

66 3093 131 3143 uun.
144 3109 224 3156 neque
237 3107 321 3140 reram
332 3090 416 3141 labat:
432 3091 577 3141 absorbetur
618 3094 683 3142 enirn
698 3105 791 3153 narrat,
808 3096 852 3158 qui
866 3095 971 3158 primum
990 3097 1029 3155 B,
1044 3094 1132 3144 deinde

66 3173 129 3221 enirn
141 3172 220 3237 prima
233 3170 327 3237 syllaba
342 3169 417 3220 alins
429 3172 578 3221 anteceden-
620 3174 655 3231 C,
669 3172 793 3222 deindsd
809 3174 893 3230 refert,
907 3174 942 3222 sic
956 3183 985 3221 nt
997 3172 1045 3221 boc
1059 3174 1132 3223 tertio

66 3251 106 3300 tis.
118 3251 203 3299 Gaur.
619 3252 677 3301 loco
690 3263 817 3311 annectat,
835 3253 904 3316 quod
920 3254 1001 3317 primo
1013 3252 1071 3301 loco
1084 3268 1133 3318 po·

103 3345 142 3379 ιι.
158 3327 215 3377 Vim
232 3327 257 3376 iss
274 3329 338 3378 loeo.
357 3329 488 3378 lambinus
508 3329 574 3391 coni.
619 3330 798 3382 neredebebat.
819 3331 932 3380 Centone
948 3343 1133 3394 antemnam,

67 3409 139 3456 «risu
155 3408 223 3456 illico
235 3429 258 3457 ι.
278 3408 327 3456 ses
342 3410 392 3458 «in
406 3408 462 3458 loco
473 3431 486 3452 ι
503 3410 578 3458 inter·
620 3411 769 3476 qnierrore,
782 3421 807 3458 et
818 3411 888 3475 lapsu
900 3412 1022 3474 memoriae
1036 3411 1134 3460 resalio
1165 3405 1174 3417 ’

65 3497 148 3552 pretor
165 3487 209 3536 illo
229 3487 285 3552 ipso
302 3487 376 3548 loeo,
395 3487 439 3537 ubi
451 3489 578 3538 insidiatus
621 3490 707 3539 ordine
718 3490 819 3554 aliisque
830 3490 982 3555 temporibus
995 3501 1073 3554 gestas
1083 3507 1135 3540 esse

66 3578 116 3614 etat
130 3566 228 3631 virgini.
242 3569 301 3617 Sca.
336 3590 339 3595 ·
621 3570 709 3629 refert,
723 3585 795 3633 qnam
810 3585 892 3618 revera
906 3581 964 3618 aunt
977 3580 1061 3634 gestae.
1075 3570 1134 3617 Sca.

103 3661 144 3694 rs.
161 3647 281 3711 Urgestae
292 3663 331 3694 res
347 3658 425 3695 erunt.
442 3649 508 3696 Ante
525 3645 578 3703 bssc
622 3674 658 3685 -
675 3647 794 3712 Equidem
811 3649 948 3713 putaverim
964 3659 1070 3696 contorte
1084 3665 1135 3697 ssae

65 3723 138 3772 verba
147 3722 248 3773 Scb'n'ts.
260 3725 348 3775 addit:
360 3747 371 3769 s
383 3738 410 3775 et
422 3726 442 3774 si
454 3727 486 3774 ita
498 3742 579 3775 narra·
623 3727 758 3787 laboriose,
767 3727 891 3792 implicite,
902 3728 1002 3793 gallice,
1013 3739 1041 3777 ut
1053 3729 1088 3776 sit
1099 3728 1137 3776 vir

66 3803 174 3852 bimusu.
185 3805 246 3851 lisso
255 3803 392 3869 supplenda
399 3817 480 3864 eraut,
488 3805 576 3869 iuquit,
623 3806 654 3857 cl.
663 3808 775 3868 Leclerc,
786 3807 924 3857 entortilles.
931 3807 990 3855 Non
1000 3818 1027 3855 nt
1037 3806 1134 3856 Subiita.

66 3881 144 3930 eloco
160 3883 234 3931 simili
252 3883 308 3934 Cic.
324 3883 356 3932 ds
372 3887 466 3934 invent.
483 3888 510 3948 1,
526 3899 573 3935 ao:
622 3886 730 3951 placuit,
742 3886 820 3934 multo
833 3888 913 3935 minus
924 3886 1136 3952 ntWetsslioqni

66 3985 78 4003 ·
90 3963 181 4025 Aperta
196 3973 278 4010 autem
290 3963 397 4020 narratio
412 3964 502 4028 poterit
515 3981 577 4024 esse,
623 3965 723 4030 interpr.
737 3987 750 4007 a
759 3966 832 4013 nimis
846 3964 960 4025 breviter,
973 3965 1077 4030 indeque
1090 3965 1138 4013 ob·

67 4041 128 4090 sint
136 4041 246 4106 quidque
257 4042 364 4107 primum
376 4055 471 4108 gestum
480 4045 537 4105 erit,
546 4045 580 4093 ita
623 4061 692 4094 scnrs
701 4066 723 4093 ι.
736 4047 767 4093 lit
779 4055 864 4093 nostro
882 4045 963 4094 sensui
975 4046 1055 4094 favere
1068 4043 1138 4093 vids·

66 4120 330 4186 primanexpouetnr,
342 4134 367 4172 ιι
380 4139 459 4172 rernm
475 4140 503 4174 ac
517 4135 581 4174 tem·
625 4137 665 4174 tur
684 4125 783 4174 allatum
796 4123 835 4187 ab
854 4139 884 4174 eo
904 4125 1063 4190 exemplum:
1079 4140 1138 4172 eres
