2610 5258
34 929 69 974 rr
159 918 166 953 a
344 894 519 963 ALTERA
545 893 778 962 PRAEFdTlO

35 1056 111 1110 trus
131 1032 352 1116 ludovicus,
374 1031 568 1126 Dionysius
586 1026 798 1113 Lambinus,
816 1028 893 1097 Nic.
905 1026 1099 1124 Angelius,

38 1158 285 1241 Becicbemus,
311 1168 349 1222 et
378 1174 495 1248 nuper
522 1149 619 1247 apud
648 1173 716 1221 nos
736 1154 766 1221 J.
788 1154 832 1220 V.
855 1147 1011 1235 Leclerc,
1030 1152 1097 1246 qui

35 1283 189 1378 conjecit
213 1304 257 1349 ex
277 1277 418 1375 gemina
443 1272 719 1345 Rhetoricorum
742 1270 899 1344 editione
922 1288 1027 1344 natos
1052 1272 1099 1343 ad

36 1416 191 1479 Herenn.
211 1401 341 1484 libros,
360 1412 397 1470 et
415 1418 477 1469 eos
501 1399 565 1495 qui
586 1397 631 1468 de
650 1402 788 1468 Invent.
802 1395 981 1484 dicuntur,
1006 1398 1102 1468 sicut

37 1548 73 1603 et
87 1527 316 1601 Academicos
332 1522 389 1593 bis
411 1520 526 1593 editos
547 1519 656 1592 fuisse
675 1535 826 1592 constat.

86 1655 245 1726 Primum
269 1649 378 1745 igitur
401 1644 615 1741 antiquitate
645 1668 774 1715 suase
802 1658 925 1716 tuetur
953 1646 1102 1716 illorum

38 1776 174 1873 opinio.
203 1768 274 1841 Sed
305 1783 340 1839 et
366 1766 433 1837 alia
463 1778 547 1835 sunt
575 1789 656 1861 quae
685 1763 803 1837 lavere
833 1754 1105 1855 illi·videntirr;

40 1914 116 1969 tum
147 1892 308 1989 exempla
336 1890 463 1987 saepius
486 1913 507 1958 a
533 1887 666 1985 poetis,
698 1889 798 1986 quod
819 1890 970 1962 Tulliani
990 1894 1107 1963 'moris

40 2038 111 2109 est,
138 2019 266 2117 petita,
291 2029 368 2084 tum
389 2009 566 2082 nobilium
590 2008 752 2108 partibus
772 2011 922 2084 infestus
942 2014 1107 2101 animus,

39 2145 183 2244 qualem
210 2166 248 2210 se
269 2140 306 2207 iu
332 2135 456 2235 primis
479 2136 663 2206 Ciceronis
691 2137 917 2209 orationibus
940 2138 1106 2235 protulit.

43 2267 182 2340 Addere
196 2263 344 2335 fortasse
357 2261 458 2330 liceat
468 2262 585 2357 ipsum
595 2262 766 2331 Herennii
776 2286 909 2334 nomeu
920 2261 989 2357 (r),
1000 2263 1110 2358 cujus

42 2391 158 2487 gentis
179 2385 382 2484 patrocinio
405 2381 519 2475 (Plut.
540 2384 610 2451 vita
630 2387 668 2454 C.
692 2384 814 2479 Marii)
837 2387 995 2456 Mariana
1016 2410 1110 2482 gens

42 2514 210 2585 Tullianae
231 2511 326 2605 genti
347 2504 464 2577 allinis
482 2505 664 2591 utebatur,
683 2522 816 2578 utnon
834 2510 963 2580 mirum
984 2510 1031 2580 sit
1051 2535 1110 2582 eo·

43 2638 213 2732 guntione
237 2635 355 2728 aliqua
380 2629 495 2726 (quod
515 2629 665 2701 verbum
688 2634 771 2701 satis
795 2632 863 2703 late
886 2634 997 2731 patet)
1025 2636 1111 2705 Tul·

42 2762 129 2830 lium
146 2782 229 2828 cnm
246 2754 427 2823 Herennio
443 2751 552 2847 fuisse
570 2754 805 2847 conjunctum
822 2760 896 2851 (lv,
911 2755 959 2849 6).

92 2882 227 2961 Dictio‚
244 2902 325 2975 qum
352 2875 429 2945 aliis
455 2875 576 2969 jejuna
604 2875 757 2963 videtur,
776 2892 812 2948 et
834 2905 853 2949 a
873 2885 1113 2955 Ciceroniana

46 3005 209 3076 ubertate
225 2999 352 3097 procul
369 2995 584 3081 abhorrens,
604 2998 678 3069 aliis
694 3016 817 3072 contra
834 3026 907 3074 non
927 3004 1114 3103 inelegans

46 3144 83 3200 et
100 3124 218 3222 magni
236 3124 388 3192 oratoris
403 3121 510 3190 initiis
527 3119 644 3216 digua.
660 3126 734 3193 Nec
753 3126 882 3195 mirum
897 3130 958 3211 sit,
971 3127 1114 3224 aliquid

47 3249 170 3319 deesse
192 3247 232 3315 iis
254 3269 334 3340 quae
357 3245 432 3339 ipse
457 3243 526 3314 sibi
547 3270 661 3342 puero
684 3260 745 3315 aut
763 3247 1034 3321 adolescentulo
1051 3277 1117 3322 ru·

47 3370 105 3440 dia
128 3383 164 3439 et
189 3366 355 3438 inchoata
376 3390 417 3435 ex
445 3368 747 3439 commentariolis
768 3376 841 3442 suis
865 3373 1038 3446 excidisse
1061 3381 1117 3447 ait

48 3494 107 3589 (de
126 3496 222 3562 Orat.
239 3498 275 3576 I,
298 3492 345 3583 α).
360 3494 429 3560 Res
443 3505 563 3559 antem
578 3506 684 3589 gestae
699 3518 788 3589 quas
806 3496 844 3564 in
862 3499 1035 3595 exemplis
1051 3525 1117 3571 au-

87 3714 129 3791 (1)
149 3716 191 3771 Ea
207 3710 375 3789 ,diligentins
396 3710 555 3787 inquirenti
575 3714 718 3770 succurrit
738 3714 923 3788 Ciceronem,
959 3732 1119 3797 postquam

49 3816 189 3877 nobilium
202 3813 334 3892 partibus
349 3815 445 3873 lavere
459 3817 562 3894 erepit,
579 3819 742 3877 Herennios
761 3821 893 3879 inimicos
912 3824 1034 3882 sortasse
1058 3828 1118 3887 lra-

50 3925 161 3992 buisse,
184 3933 228 3991 et,
251 3932 285 3977 ut
298 3919 441 3996 conjicere
453 3922 535 3990 licet,
551 3942 586 3980 eo
602 3925 746 3996 acriores,
767 3926 847 4004 qnod
866 3929 1031 3989 infestiores
1051 3952 1120 3992 esse

48 4023 331 4089 solemneveteribus
347 4025 483 4094 amicis‚a
497 4026 603 4105 quibus
613 4032 701 4088 semel
713 4031 865 4091 dissentire
877 4037 1025 4111 coepimus.
1038 4043 1119 4098 Nam

51 4150 81 4193 et
96 4131 291 4202 Herennium,
314 4131 401 4189 Marii
419 4132 552 4211 partibus
573 4135 680 4209 lidum,
705 4137 790 4197 video
805 4140 924 4199 Sertorii
941 4142 1065 4218 legatum
1086 4149 1118 4206 iu

50 4240 189 4317 Hispania
205 4238 304 4309 luisse,
319 4250 348 4294 et
369 4237 406 4295 ab
429 4240 487 4297 alio
509 4254 610 4319 postea
627 4245 775 4302 Herennio
796 4246 825 4302 iu
847 4248 975 4305 exercitu
993 4254 1120 4313 Antonii

51 4344 221 4404 centurione
236 4343 405 4400 Ciceronem
419 4344 555 4403 occisum.
575 4350 614 4405 Ea
635 4346 706 4405 levis
726 4346 844 4426 quidem
863 4350 1048 4428 conjectura,
1063 4357 1119 4414 sed

51 4471 87 4507 er
106 4468 164 4526 qua
183 4448 294 4505 facilius
313 4448 489 4526 intelligam,
512 4470 565 4510 cnr
582 4454 684 4511 Cicero
698 4456 836 4514 Herenuii
851 4478 954 4516 nomen
974 4459 1003 4516 in
1023 4460 1120 4522 altera

51 4555 178 4615 editione
192 4551 342 4610 deleverit.
