2610 5258
138 857 179 903 ro
472 837 520 904 M.
546 837 584 904 T.
612 836 857 909 CICERONIS
888 892 892 897 -

129 957 229 1052 pium
255 957 447 1043 orationis,
473 980 538 1054 per
555 957 684 1054 quodt
703 961 845 1031 artimus
869 957 1047 1030 auditoris
1070 987 1078 1030 t

131 1055 326 1136 tuiturad⁵
341 1064 576 1138 audiendum.
593 1071 759 1141 Narratio
780 1085 836 1142 est
855 1093 979 1141 rerum
999 1083 1078 1166 gest

130 1191 192 1245 aut
208 1176 359 1275 perinde
379 1192 422 1249 ut
443 1192 644 1275 gestarum,
670 1181 857 1279 expositio.
878 1180 1017 1251 Divisio
1038 1205 1078 1252 es

128 1310 240 1382 quam
252 1292 454 1388 aperimus,
467 1288 557 1386 quid
573 1293 782 1380 conveniat,
800 1289 891 1389 quid
902 1291 940 1362 in
956 1305 1078 1362 contre

129 1397 191 1485 sit;
210 1413 247 1470 et
265 1423 332 1497 per
348 1424 459 1497 quam
477 1401 692 1499 exponimus
701 1398 730 1489 ⁶,
744 1399 879 1498 quibus
895 1399 942 1471 de
960 1399 1074 1472 rebus

129 1505 299 1580 dicturi7.
325 1507 559 1582 Confirmatio
584 1525 638 1581 est
665 1525 875 1582 nostrorum
901 1533 1077 1607 urgumen

127 1619 304 1717 expositio
324 1642 408 1691 cum
427 1621 689 1692 asseveratione
698 1615 726 1690 ⁸.
748 1618 958 1692 Confutatio
977 1633 1032 1690 est
1054 1643 1078 1690 o

127 1728 265 1798 riorum
287 1719 669 1802 locorum'dissolutio.
699 1729 891 1803 Conclusio
911 1744 965 1802 est
985 1727 1078 1800 artili

129 1842 304 1913 terminus
326 1843 533 1913 orationis9.
550 1845 675 1931 Nunc,
691 1845 865 1940 quoniam
885 1866 1061 1914 unacum

127 1953 178 2023 ris
200 1951 347 2043 officiis,
370 1978 445 2050 quo
469 1979 526 2026 res
547 1957 697 2051 cognitu
719 1952 856 2026 facilior
879 1967 993 2036 esset,
1029 1976 1078 2050 pr«

128 2084 269 2151 snmus,
292 2077 332 2134 ut
354 2063 400 2135 de
422 2065 595 2136 orationis
617 2062 782 2168 partibus
804 2063 1059 2161 loqueremur,

129 2277 156 2325 in
173 2278 356 2328 recentioribus.
376 2283 431 2329 Hoc
450 2280 523 2328 semel
541 2295 641 2328 monere
685 2279 809 2342 «alicujus
817 2279 982 2345 apparationis
994 2295 1078 2328 murs:

128 2358 205 2406 satius
227 2359 332 2422 ridetur,
346 2375 419 2425 quatu
444 2350 529 2425 postes
556 2369 640 2408 notare
684 2375 767 2409 esum.

128 2437 225 2501 quoties
239 2440 350 2488 recurrit.
574 2454 578 2458 “
719 2439 746 2487 6.
765 2439 795 2486 Et
808 2453 855 2502 per
875 2454 950 2502 quant
963 2437 1078 2504 expertius

164 2519 189 2577 4.
196 2516 331 2566 &arrium
337 2528 374 2567 est
377 2517 457 2582 princ.
467 2533 503 2566 or.
509 2533 558 2582 per
565 2518 639 2582 qnod.
683 2517 747 2566 Pith.
759 2529 785 2565 et
792 2533 884 2580 expon.
890 2517 1009 2582 probante
1019 2519 1078 2566 Gra

128 2598 211 2659 Quum
228 2596 316 2645 deinde
331 2595 460 2646 exordium
473 2595 597 2645 dividatur
613 2597 640 2644 in
720 2613 746 2656 7.
762 2596 842 2644 Simus
864 2596 961 2645 dicturi.
980 2597 1066 2644 Aetarr'

124 2673 273 2740 principium
286 2688 312 2725 et
323 2676 529 2738 insinuationem,
543 2676 638 2724 ineom·
683 2675 896 2735 CraeviuselliSS,
909 2686 934 2723 et
945 2675 1056 2739 placebat
1071 2677 1079 2723 i

129 2751 231 2802 morlum
242 2766 279 2802 est
291 2756 317 2803 iu
330 2755 473 2804 delinitione
482 2755 577 2805 exordii
592 2770 640 2802 vo·
682 2752 783 2803 lielmio.
802 2753 932 2818 Vulgarum
942 2764 1021 2801 tamen
1035 2772 1078 2803 nor

129 2833 243 2882 caltulum
258 2835 407 2901 principium
429 2837 503 2900 poui3
526 2847 550 2885 et
569 2834 640 2883 facile
683 2830 993 2880 deterius-Acturihabttnt
1004 2833 1044 2882 ed.
1057 2850 1078 2881 ct

128 2912 241 2975 potuita
258 2913 390 2977 glossatore
409 2914 536 2963 inculcari.
557 2916 597 2963 Sic
615 2925 639 2962 et
676 2909 886 2971 ·ed.rt7t.Errr.
979 2949 985 2960 .

129 3003 212 3055 postea
226 2992 331 3042 dieitur:
347 2994 484 3042 divisioest
499 3009 638 3059 perquam,
720 2990 744 3038 8.
772 2991 830 3038 Cum
861 2989 1045 3039 asseveratione.

129 3080 176 3117 etc.
189 3081 214 3120 er
228 3071 262 3119 sie
276 3072 373 3137 sapius.
385 3075 445 3122 sca.
682 3067 836 3115 commendat
846 3068 980 3116 assertione
988 3086 1003 3116 e
1013 3068 1078 3117 duolr

166 3149 190 3196 ⁵.
213 3149 319 3199 Animus
344 3152 404 3201 arrd.
429 3150 583 3200 constituitur
604 3152 642 3201 ad
681 3147 829 3208 sedvereon
842 3164 872 3197 ue
885 3158 1014 3211 utrumque
1028 3149 1078 3196 sitt

127 3227 287 3277 aradiendtun.
301 3230 408 3293 Quidam
418 3231 493 3292 libri,
506 3241 570 3280 utet
582 3231 637 3280 uod.
682 3226 791 3289 politore
812 3227 959 3289 profectum·
984 3229 1078 3275 Assertt'

127 3307 194 3370 Aug.
211 3307 252 3355 hie
273 3309 368 3358 eddaat
385 3321 429 3358 aar
442 3309 549 3374 judicis,
570 3310 639 3374 qood
681 3305 742 3352 nihil
755 3305 822 3353 aliud
836 3307 867 3354 sit
880 3322 952 3370 quam
966 3304 1078 3370 affirmat

127 3397 193 3434 recte
213 3386 303 3436 delevit
320 3390 415 3439 Ernest.
430 3401 489 3455 post
505 3391 638 3440 Graeviutu.
680 3385 787 3448 ineptius
808 3402 880 3448 quum
902 3384 928 3432 ld
949 3386 977 3433 lu
998 3386 1078 3452 confit

128 3466 160 3513 Et
173 3465 230 3513 eod.
243 3466 328 3515 Duisb.
341 3479 467 3532 utramque
480 3468 582 3532 glossam
596 3469 640 3517 vel
681 3461 823 3512 definitione
836 3464 958 3526 adjicere?
973 3461 1036 3513 Son.
1048 3492 1078 3502 -

120 3543 213 3610 judicis
222 3547 449 3611 erpetappararan
460 3546 637 3612 quodquidam
680 3554 783 3608 possum
795 3555 933 3607 arguments
951 3560 1007 3592 cum
1021 3546 1078 3593 dubi

127 3641 188 3673 serr.
203 3642 268 3690 quos
289 3626 353 3675 inter
372 3626 430 3677 cod.
450 3629 515 3690 Aug.
533 3637 556 3674 et
578 3627 637 3676 ald.
680 3633 723 3671 aut
744 3623 816 3670 etiarn
838 3623 1021 3684 confutatioue3
1043 3641 1077 3672 no

126 3714 183 3768 post
190 3704 343 3753 constituitur
349 3714 455 3770 ponunt,
465 3705 565 3755 omittit.
574 3706 636 3755 Nam
680 3718 736 3749 cum
748 3703 930 3753 asseveratione.

127 3783 250 3832 auditores
262 3784 638 3849 hiciutelliguuturjudices‚ut
717 3798 741 3843 9.
754 3779 905 3848 Artrficiosns
925 3780 1041 3829 terminus
1061 3799 1077 3830 o

126 3863 185 3910 alibi
197 3879 272 3928 steps.
283 3867 385 3912 Sou-
395 3863 514 3927 Equidem
527 3864 638 3933 credide·
680 3862 740 3910 Pall.
761 3871 809 3909 tres
828 3863 935 3925 priores,
954 3878 985 3909 ex
1005 3861 1075 3909 Italia

126 3944 172 3990 ritu
187 3943 342 3991 constituitur
353 3959 404 3991 uon
417 3944 483 3992 idem
500 3960 552 3992 esse
567 3945 636 4008 quod
679 3941 762 4002 delati,
775 3942 893 4002 adjiciunt
908 3941 980 3988 totius
994 3940 1078 3988 aratio.

125 4034 269 4086 apparantr.
282 4021 436 4071 constituitur
446 4022 635 4086 unimus‚qnnm
679 4021 756 4069 dictio
775 4022 853 4068 otiosa
873 4019 949 4067 videri
963 4036 1013 4067 non
1026 4036 1078 4084 post

125 4113 209 4150 orator
221 4100 343 4166 principio
358 4101 448 4157 utitur,
461 4111 486 4148 et
498 4101 635 4150 auditorem
678 4100 771 4148 abesset
781 4101 881 4148 totidem
890 4099 949 4146 Pall.
957 4100 1077 4159 iquerms

125 4181 205 4228 statim
221 4179 337 4228 idoneum
351 4179 410 4226 iacit
425 4178 457 4226 ad
472 4179 632 4241 audiendum
678 4179 822 4244 descriptis:
836 4196 940 4244 quorum
954 4190 1054 4241 quartus
1068 4196 1078 4242 p

123 4271 260 4323 apparatur
281 4271 377 4317 sutem,
395 4258 421 4306 id
438 4269 488 4317 est,
507 4258 634 4323 paullatim
678 4259 796 4324 scriptura
804 4260 980 4322 autiqna‚utet
989 4270 1078 4316 sextus,

124 4337 227 4386 idoneus
241 4337 352 4386 redditor
367 4337 540 4386 insinuatione.
558 4339 633 4400 Quod
678 4355 731 4386 mus
740 4340 906 4403 praescriptum
915 4338 988 4386 habet
998 4354 1078 4385 nomer

122 4428 203 4464 autem
216 4434 301 4482 perum
315 4418 390 4466 latine
405 4417 497 4465 dictum
504 4417 631 4478 judicare·
676 4422 713 4467 nis
727 4419 839 4475 Palatini,
857 4419 932 4466 Ducis
945 4419 1052 4466 Buvnriae
1067 4437 1078 4466 a

124 4499 173 4543 rint
186 4496 255 4543 multi
266 4497 388 4546 Duvv.
400 4514 449 4544 non
464 4498 537 4545 faciet
548 4509 576 4544 ut
589 4499 629 4546 de·
675 4500 766 4558 sensis,
790 4500 832 4562 qui
857 4499 903 4546 fnit
925 4510 994 4562 puter
1019 4500 1078 4546 tund

119 4576 219 4626 lendum
234 4594 351 4627 censeam.
366 4578 429 4626 Vide
443 4580 518 4637 infra,
532 4596 584 4643 esp.
599 4582 630 4638 8,
676 4578 800 4627 Elec-toris.
816 4579 901 4639 Gnur.
