2610 5258
243 382 292 453 IN
316 386 481 455 LIBROS
505 384 570 454 AD
594 385 633 454 C.
655 384 945 454 HERENNIUM.
1094 410 1129 454 rx

47 518 128 603 IX,
147 541 227 616 cap.
245 543 284 603 a,
303 515 360 615 ap,
377 542 455 618 cap.
471 515 511 605 3,
531 543 590 615 71,
606 544 684 618 cap.
699 522 737 606 4,
751 520 811 618 98.
827 519 890 590 Ille
909 534 1029 591 autem
1049 523 1132 593 Cor·

52 638 222 728 nificius,
240 654 332 712 teste
344 641 492 730 eodem,
512 667 586 714 non
605 667 718 741 pauca
731 643 776 714 de
793 658 868 715 arte
887 642 1031 715 dicendi
1046 648 1131 715 scri-

56 780 199 861 pserat,
220 770 292 854 ΙΙΙ,
317 791 345 856 1,
373 792 431 854 ar,
459 769 560 838 inter.
578 793 660 865 quae
689 766 821 840 librum
847 769 1063 867 singularem
1086 768 1133 841 de

56 888 203 988 figuris,
222 894 287 976 lx,
302 889 340 979 ³,
362 890 419 988 89.
439 894 488 962 Ut
510 894 646 963 nemini
665 895 798 964 mirum
815 893 926 964 videri
946 891 1131 978 debuerit,

62 1013 190 1111 siquae
208 1039 253 1086 ex
272 1014 335 1086 illo
352 1013 551 1112 protulerat
570 1016 716 1106 Fabius,
736 1042 767 1088 v.
787 1042 818 1088 c.
840 1021 910 1105 IX,
934 1015 973 1105 3,
997 1043 1059 1114 7¹³
1079 1024 1131 1108 X,

67 1161 108 1224 a,
129 1164 185 1235 η,
201 1140 239 1209 in
258 1137 315 1210 his
328 1138 429 1210 libris
448 1141 570 1212 omnia
589 1166 663 1212 non
683 1157 891 1229 occurrant,
908 1167 1130 1240 quamquam

10 1324 12 1337 ,
72 1263 185 1332 omnia
203 1286 241 1333 se
259 1264 436 1361 reperisse
455 1263 625 1334 nonnulli
643 1278 743 1355 sunt,
756 1268 822 1362 qui
841 1261 1073 1335 contendant.
1087 1267 1133 1333 Et

77 1382 154 1455 illud
162 1389 343 1484 praecipue
356 1388 541 1459 notatione
552 1387 702 1484 dignum
713 1402 779 1476 est,
789 1387 954 1460 rhetores
966 1413 986 1458 a
996 1390 1135 1477 Quinti·

80 1503 178 1595 liano,
190 1513 256 1596 IX,
274 1536 315 1595 2,
329 1508 564 1609 reprehendi,
581 1508 683 1608 quod
700 1535 778 1582 eam
794 1536 904 1608 quam
924 1524 1027 1582 vocat
1045 1514 1132 1581 Cor·

88 1628 205 1705 riticius
228 1633 432 1722 licentiam,
454 1636 569 1707 Grteci
593 1637 781 1732 παῤῥησίαν,
798 1632 923 1730 figuris
938 1633 1133 1730 adscripse-

91 1753 160 1839 rint,
178 1771 220 1827 ut
241 1781 377 1829 nomen
398 1784 417 1830 a
437 1757 631 1830 Cornificio
652 1759 811 1856 primum
833 1756 958 1828 datum
982 1780 1059 1828 esse
1079 1757 1130 1825 vi-

92 1874 201 1971 deatur,
220 1908 349 1981 quum,
364 1899 406 1955 ut
418 1883 585 1968 vidimus,
601 1897 728 1954 auctor
748 1879 794 1953 ad
817 1884 1040 1952 Herennium
1058 1881 1130 1977 pri-

94 2021 171 2074 mum
180 2030 216 2077 se
233 2005 432 2104 figurarum
450 2004 624 2078 vocabula
651 2003 774 2076 latiora
791 2006 964 2101 reperisse
983 2018 1133 2074 testatus

95 2123 133 2194 tit
150 2130 236 2201 Huic
265 2132 376 2227 igitur
402 2131 566 2229 opinioni
599 2127 766 2200 faverunt
790 2127 922 2198 Paulus
947 2125 1132 2223 Aldusquc
1226 2142 1230 2149 '

95 2248 235 2342 llauutii,
267 2260 448 2342 Muretus,
476 2260 514 2326 P.
525 2256 727 2338 Victorius,
755 2252 900 2337 Badius,
925 2251 1133 2338 Turnebus,

94 2373 407 2467 lntRiccobonus,
430 2381 577 2477 Regius,
594 2377 826 2473 Majoragius,
847 2377 1032 2473 Sigonius,
1052 2383 1133 2448 Bar-

94 2491 234 2583 tlius,C.
251 2505 286 2572 S.
307 2501 585 2585 Schurzlleisch,
609 2501 751 2598 aliique.

126 2619 354 2696 Adversantur
367 2640 487 2697 autem
503 2624 620 2712 multi,
634 2625 724 2695 alius
740 2623 849 2695 alium
869 2639 1053 2695 auctorem
1075 2650 1132 2692 m·

90 2736 257 2835 ducentes,
275 2772 407 2848 nempe
423 2750 635 2820 Ciceronem
652 2747 786 2832 filium,
801 2752 1022 2818 Laureamve
1039 2748 1133 2817 illins

88 2860 255 2961 libertum,
279 2873 343 2968 qui
362 2885 397 2943 et
416 2874 492 2970 ipse
511 2875 638 2943 Cicero
656 2868 873 2958 vocabatur;
900 2871 953 2941 vel
976 2871 1131 2942 Tullium

85 2989 245 3080 Tironem,
261 2997 325 3091 qui
344 2995 468 3066 rhetor
486 2997 602 3066 Plinio
621 2997 873 3091 Suetonioqne
894 3010 1134 3078 memoratum

81 3112 128 3182 vel
144 3120 189 3185 Μ.
207 3116 429 3203 Gallionem,
451 3119 556 3212 cujus
578 3141 712 3187 nomen
736 3120 773 3186 in
801 3118 1052 3212 antiquissimo
1077 3141 1134 3187 co·

79 3234 147 3308 dice
166 3238 342 3311 librorum
365 3241 409 3313 ad
439 3244 660 3313 Herennium
686 3264 857 3325 romane,
884 3238 967 3310 licet
991 3238 1037 3311 ab
1067 3242 1134 3311 alia

76 3382 175 3432 manu
199 3363 358 3434 deletum
384 3365 626 3461 comparuisse
648 3360 759 3433 refert
784 3359 913 3446 Aldus,
938 3363 1035 3433 Pauli
1060 3369 1134 3435 Ma-

73 3486 158 3556 nutii
181 3484 293 3575 filius,
318 3488 421 3585 epist.
450 3485 495 3558 ad
521 3489 759 3584 Naugerium3
784 3484 838 3556 vel
861 3487 960 3584 Virg.
983 3487 1135 3573 Rufum,

72 3612 219 3681 Neronis
235 3611 427 3709 aequalem3
445 3611 522 3697 vel,
547 3612 576 3681 si
593 3609 660 3681 diis
679 3610 810 3707 placet,
828 3612 1047 3697 Timolaum,
1073 3617 1134 3683 Ze-

69 3734 185 3805 nobiae
202 3738 332 3831 reginae
347 3733 480 3819 filium,
499 3759 613 3807 unum
634 3758 653 3804 e
676 3759 746 3804 xxx
764 3736 944 3831 tyrannis,
963 3735 1134 3831 quemad

68 3862 287 3930 Herennium
307 3858 471 3945 fratrem,
492 3862 582 3946 sive,
597 3874 637 3928 ut
654 3856 763 3928 habet
780 3863 808 3928 J.
824 3864 867 3927 V.
892 3856 1044 3943 Leclerc,
1062 3865 1133 3929 lle·
1165 3856 1170 3866 ’

38 4014 43 4029 ·
65 3984 299 4071 reuniauum,
319 3984 500 4082 scripsisse
517 3998 643 4056 auctor
658 3999 711 4055 est
723 3982 922 4054 Trebellius
942 3983 1065 4054 Pollio.

114 4106 230 4181 attam
244 4109 488 4205 conjecturam
505 4106 691 4181 induxerat
708 4106 917 4193 Schi'rtzius,
937 4110 1136 4178 Antonium
