2610 5258
102 440 1182 477 &mmmmm-mmmmm*

282 658 589 762 ALTERA
623 659 1017 765 PRAEFATIO

171 872 227 964 IN
253 881 490 971 LIBROS
521 883 613 971 ΑΙ)
644 881 694 970 C.
727 883 1141 973 HERENNIUM.

434 1088 862 1122 ψ

149 1273 206 1397 Dr
218 1340 361 1397 auctore
377 1323 555 1395 librorum
571 1323 617 1395 ad
635 1328 674 1394 C.
688 1324 910 1394 Herennium
926 1324 1039 1396 multa
1062 1327 1100 1397 in
1124 1326 1178 1398 di-

146 1464 254 1519 versum
266 1447 311 1518 ad
327 1447 421 1518 hanc
438 1461 577 1519 aetatem
595 1445 776 1544 disputata
794 1460 895 1534 sunt,
909 1471 1024 1543 quum
1043 1447 1100 1521 alii
1122 1454 1179 1522 Ci-

145 1574 253 1643 ceronis
281 1596 358 1643 esse
389 1569 501 1642 libros
529 1567 811 1658 contenderent,
832 1570 891 1641 alii
919 1570 1016 1642 aliud
1044 1596 1178 1645 nomen

143 1693 332 1787 proferrent,
349 1696 513 1795 plerique
532 1693 734 1783 Cornificii,
752 1695 855 1792 cujus
871 1694 949 1768 loca
965 1700 1049 1769 satis
1066 1699 1178 1771 multa

142 1814 217 1891 affert
241 1819 507 1912 Quintilianus,
535 1817 814 1890 Rhetoricorum
842 1818 993 1892 totidem
1019 1821 1107 1894 locis
1133 1823 1176 1896 ad

140 1940 260 2015 verbum
275 1942 545 2041 respondentia.
562 1941 629 2011 Cui
645 1941 792 2038 quidem
809 1945 996 2014 certamini
1014 1969 1087 2015 non
1104 1961 1176 2018 tam

91 2050 94 2073 '
140 2059 309 2137 immiscere
320 2090 380 2137 me
391 2067 504 2135 ausim
514 2087 639 2160 ,quam
654 2088 674 2134 e
687 2066 791 2134 variis
804 2065 1013 2137 auctoribus
1026 2092 1066 2139 ea
1081 2068 1177 2139 colli-

139 2205 196 2277 gere
208 2188 385 2272 conabor,
400 2213 481 2285 quae
495 2186 706 2258 dirimendae
721 2186 790 2257 litis
807 2211 883 2258 esse
897 2187 1130 2262 videbuntur.

91 2286 95 2403 i
170 2312 436 2385 Rhetoricorum
461 2312 503 2384 ad
529 2312 768 2397 Herennium,
788 2313 852 2409 qui
879 2312 985 2409 primi
1011 2318 1174 2389 omnium

138 2429 240 2508 diserte
269 2438 494 2508 mentionem
532 2433 696 2507 feceruut
733 2439 775 2504 D.
800 2436 1042 2532 Hieronymus
1075 2438 1172 2529 (adv.

91 2556 93 2567 '
138 2555 193 2627 Rus.
209 2566 243 2647 I,
271 2586 307 2659 p.
331 2560 410 2657 137.
429 2564 585 2630 Prooem.
608 2564 748 2631 Comm.
771 2556 815 2628 ad
832 2559 1012 2653 ‘Abdiam)
1039 2577 1075 2632 et
1099 2567 1174 2633 Ru·

138 2672 207 2753 finus
228 2685 295 2777 (de
316 2708 476 2780 compos.
497 2697 533 2752 et
553 2680 663 2752 meth.
682 2697 770 2752 orat.
791 2707 827 2780 p.
850 2681 1028 2775 315-321)
1046 2710 1171 2757 eorum

138 2803 318 2879 Ciceronem
334 2821 519 2877 auctorem
535 2805 736 2874 nominant.
751 2804 849 2875 ldem
870 2802 954 2875 facit
970 2831 1044 2876 non
1063 2809 1173 2881 semei

137 2925 327 3014 Priscianus,
352 2934 476 3027 Lupus
501 2952 649 3025 quoque
676 2928 925 3013 Ferrariensis,
950 2945 990 2999 ut
1016 2931 1171 3017 videtur,

136 3049 220 3146 Epist.
239 3059 254 3123 l
275 3052 320 3123 ad
344 3052 591 3149 Egiohartum.
616 3049 728 3121 Codd.
748 3065 931 3147 quotquot
951 3067 986 3122 et
1006 3053 1087 3124 edd.
1108 3081 1170 3126 ex-

91 3258 93 3273 Ι
133 3188 217 3263 stant,
233 3201 361 3248 omnes
375 3173 535 3270 ejusdem
548 3174 729 3271 opinionis
745 3188 1022 3245 monumentum
1036 3175 1170 3250 habent

91 3278 93 3307 ⁵
131 3299 213 3369 Tullii
229 3299 444 3371 etTerentiae
464 3298 628 3384 nomina,
648 3293 730 3364 libri
752 3295 857 3392 primi
876 3294 1090 3370 duodecimo
1112 3324 1169 3374 ca·

127 3423 178 3515 piti
190 3422 409 3521 interpolata.
422 3426 548 3517 ltaque
562 3420 668 3515 primi
682 3416 837 3487 editores
849 3442 916 3515 pro
925 3421 1168 3497 Ciceronianis

122 3544 409 3617 confidentissime
427 3540 661 3640 protulerant.
686 3538 809 3609 Eidem
833 3542 994 3638 opinioni
1011 3566 1169 3617 accesse-

120 3687 193 3740 runt
227 3668 436 3741 Leonardus
467 3667 651 3749 Aretinus,
686 3666 863 3759 Georgius
890 3668 1167 3763 Trapezuntius,

119 3792 445 3875 LaurentiusValla,
460 3789 722 3872 Cavalcantius‚
734 3786 942 3874 Politianus,
955 3788 1167 3886 Capidurus,

114 3919 355 4004 Mancineilus,
372 3914 575 3987 Sinibaldus
590 3914 807 3997 Antoninus,
827 3912 1040 4008 Longoiius,
1058 3915 1163 3988 Dole-

113 4060 181 4132 tus,
201 4049 283 4114 Ant.
294 4040 515 4120 Marinellus,
533 4040 576 4107 G.
592 4040 726 4132 Caspar
744 4032 1025 4122 liirchmaierus,
1039 4039 1093 4108 Jo.
1106 4042 1169 4111 Pe.

986 4185 1021 4228 α.
